2652 3396
1275 54 1297 96 '1

301 170 362 210 Eo
393 170 627 222 pronomine
657 167 867 207 Lucretius
900 181 994 206 usus
1025 174 1085 206 est
1113 178 1160 207 111
1180 165 1259 207 388
1287 180 1356 206 nec
1383 167 1551 220 repentia
1575 167 1673 206 itum
1697 167 1866 206 cuiusvis
1887 181 2048 219 cumque
2067 156 2279 206 animantis

301 242 484 282 oentimus
518 246 558 280 et
584 238 782 280 Martialis
812 251 978 289 eamque
1008 238 1177 277 formam
1205 238 1405 290 Hauptius
1435 236 1556 290 (opp.
1576 250 1624 278 111
1642 236 1741 288 450)
1778 239 1840 277 vel
1871 238 2009 278 Tacito
2045 240 2083 277 in
2121 239 2278 289 dialogo

302 313 497 353 vindicari
529 311 664 351 voluit.
704 310 767 348 De
796 310 949 361 origine
979 310 1123 348 erroris
1154 310 1212 348 sic
1242 310 1465 360 statuimus,
1498 315 1704 361 peccatum
1734 323 1821 350 esse
1851 323 1928 362 quo
1948 324 2092 361 genere
2118 309 2277 363 saepius

298 386 339 423 in
368 385 431 424 his
453 384 656 423 codicibus
677 387 883 434 peccatum
914 387 985 431 est,
1018 381 1126 421 velut
1155 395 1187 421 c.
1209 393 1271 422 xn
1291 382 1342 422 13
1364 396 1414 422 ex
1442 381 1505 422 his
1534 395 1669 422 verum
1697 390 1752 422 est
1779 395 2074 435 mnemosynum
2102 381 2143 421 in
2173 381 2276 422 libro

301 454 637 509 Sangermanensi
671 466 807 493 verum
840 459 895 492 eet
927 466 1037 492 nemo
1072 454 1214 503 einum,
1250 453 1292 493 in
1322 450 1543 493 Oxoniensi
1578 459 1711 492 autem
1739 453 1888 493 factum
1918 460 1980 492 est
2006 467 2139 493 verum
2166 467 2275 493 nemo

303 538 368 569 eet
396 530 539 576 einum,
574 532 614 566 et
642 525 825 566 similiter
854 524 967 575 alibi,
1000 524 1047 564 de
1078 538 1155 577 quo
1185 538 1256 564 suo
1286 525 1372 565 loco
1402 524 1580 565 dicemus
1610 524 1798 578 amplius,
1831 526 1889 565 sic
1918 525 2039 578 igitur
2068 526 2273 579 separatis,

302 601 392 641 dein
423 598 676 652 transpositis
707 596 874 650 syllabis
910 610 980 649 pro
1016 598 1091 636 late
1126 599 1284 649 quaevis
1320 612 1483 650 cumque
1517 603 1723 637 exaratum
1758 612 1845 637 esse
1883 599 1958 637 late
1987 612 2086 650 quae
2114 612 2276 650 cumque

298 672 365 723 uzs
386 673 423 711 h.
445 687 480 711 e.
512 672 633 722 lateqs·
666 683 799 720 eumq?
830 667 900 718 ms,
932 682 1032 720 quae
1063 675 1124 708 est
1152 683 1277 721 paene
1306 670 1395 721 ipsa
1423 683 1542 722 quam
1573 668 1667 708 libri
1696 668 1886 709 exhibent
1915 669 2124 722 scriptura.

494 755 537 782 11.
580 741 784 780 Nonnulla
812 754 913 791 quae
944 739 1064 779 dubia
1094 754 1181 780 esse
1207 740 1294 780 visa
1322 746 1415 780 sunt
1444 740 1589 781 collato
1610 739 1853 781 Graecorum
1875 755 1983 781 more
2005 741 2161 781 dicendi
2182 742 2275 782 licet

298 815 488 856 stabilire.
531 813 579 853 In
609 826 816 864 parcarum
847 818 966 850 cantu
995 810 1173 851 eiusdem
1202 811 1388 852 carminis
1419 811 1517 852 haec
1544 811 1731 863 leguntur
1759 825 1783 852 a
1812 826 1849 852 v.
1872 813 1952 853 334

755 882 881 922 Nulla
909 883 1045 922 domus
1073 883 1168 923 tales
1197 881 1427 936 umquam*)
1456 883 1633 924 contexit
1661 897 1825 934 amor-ee,

756 953 903 994 Nullus
932 968 1044 994 amor
1071 956 1144 994 tali
1170 957 1373 995 coniunxit
1388 956 1554 1007 foedere
1582 963 1769 1004 amantes,

760 1026 900 1076 Qualis
928 1027 1036 1066 adest
1069 1026 1237 1077 Thetidi,
1269 1028 1398 1080 qualis
1427 1028 1638 1067 concordia
1665 1028 1796 1067 Peleo.

295 1102 343 1141 In
374 1101 502 1154 primo
532 1099 672 1139 horum
704 1112 819 1138 versu
845 1097 1127 1138 Lachmannus
1157 1101 1309 1139 conexit
1335 1099 1558 1152 proposuit,
1595 1099 1700 1152 quod
1727 1099 1927 1151 Hauptius
1958 1100 2107 1151 recepit
2136 1106 2174 1138 et
2204 1113 2274 1152 per

295 1174 427 1227 plures
458 1171 653 1212 editiones
683 1185 775 1211 suas
805 1172 1055 1224 propagavit3
1086 1178 1225 1224 postea
1254 1178 1294 1211 et
1322 1172 1400 1210 iam
1430 1172 1470 1210 in
1502 1171 1676 1210 editione
1696 1171 1927 1224 Hauptiana
1952 1178 2092 1224 quarta
2111 1186 2145 1211 a.
2166 1171 2271 1212 1879

296 1247 515 1285 instaurata
544 1250 606 1283 est
635 1245 832 1297 scriptura
860 1244 1007 1283 tradita
1032 1246 1208 1294 contexit,
1241 1258 1358 1297 quam
1380 1243 1567 1297 deinceps
1589 1243 1761 1284 editores
1782 1243 1958 1297 plerique
1979 1258 2116 1284 omnes
2137 1250 2272 1284 tenue-

295 1323 396 1367 runt,
427 1322 585 1369 praeter
605 1315 796 1366 Riesium,
827 1317 893 1368 qui
925 1317 1078 1355 conexit
1106 1315 1242 1366 edidit,
1274 1315 1344 1355 sed
1374 1330 1423 1354 ne
1452 1316 1486 1355 is
1517 1315 1675 1369 quidem
1703 1316 1798 1368 quin
1819 1330 1931 1355 suam
1952 1316 2139 1356 fateretur
2159 1315 2270 1355 dubi·

294 1389 498 1428 tationem.
547 1387 830 1427 Lachmannus
861 1389 1013 1427 conexit
1040 1387 1161 1426 scribi
1192 1386 1343 1438 maluit,
1381 1386 1611 1426 blandiente
1641 1387 1802 1439 quidem
1832 1388 1951 1426 etiam
1981 1388 2129 1426 rariore
2159 1388 2270 1426 verbi

293 1460 430 1510 forma,
461 1459 531 1499 sed
562 1466 604 1498 ut
629 1458 952 1512 aequabilitatem
983 1458 1181 1511 quandam
1211 1459 1315 1497 inter
1345 1458 1443 1498 duas
1473 1459 1690 1498 sententias
1720 1466 1887 1511 pareret,
1920 1458 2023 1497 unde
2049 1459 2166 1498 tertia
2186 1473 2269 1499 sus·

292 1545 419 1585 pensa
453 1536 529 1582 est,
566 1544 695 1583 neque
730 1530 805 1569 hoc
835 1544 914 1570 non
944 1530 1110 1569 decebat
1145 1536 1314 1582 poetam.
1356 1530 1506 1569 Verum
1541 1532 1708 1570 contexit
1742 1545 1901 1570 movere
1937 1545 2017 1570 non
2053 1530 2148 1570 licet
2176 1531 2270 1583 quia

293 1603 393 1642 nihil
427 1604 557 1655 aptius
592 1610 660 1642 aut
700 1603 826 1654 magis
860 1603 1016 1655 proprie
1059 1602 1137 1641 dici
1173 1602 1221 1641 de
1262 1602 1379 1642 domo
1420 1608 1589 1655 poterat:
1635 1602 1710 1642 hoc
1745 1603 1851 1643 enim
1887 1610 1947 1643 est
1983 1602 2088 1656 quod
2124 1600 2269 1643 Graeci

292 1674 451 1713 κεύθειν
480 1674 544 1713 vel
573 1671 890 1728 ἆμφικᾳλύπτειν
920 1673 1116 1723 dixerunt,
1149 1672 1225 1713 Od.
1247 1685 1291 1714 IV
1306 1674 1386 1713 618
1406 1672 1477 1724 (=
1492 1685 1550 1714 xv
1569 1672 1664 1725 118)
1690 1673 1813 1725 πόρεν
1833 1675 1878 1713 δέ
1897 1674 1915 1713 ἑ
1937 1674 2133 1725 Φαίδιμος
2154 1674 2268 1726 ἥρως,

292 1745 484 1786 Σιδονίων
511 1743 711 1797 βασιλεύς,
741 1742 807 1784 ὅθ’
828 1744 892 1791 ἑὸς
921 1743 1045 1796 δόμος
1074 1742 1367 1796 ἀμφεκάλυψεν
1395 1748 1497 1784 κεῖσέ
1523 1761 1573 1796 με
1603 1744 1860 1795 νοστήσαντα,
1897 1745 1944 1784 de
1983 1746 2154 1796 hospitio
2190 1759 2267 1796 quo

291 1818 379 1871 quis
410 1824 616 1870 susceptus
647 1824 724 1867 est3
757 1817 805 1856 cf.
827 1828 899 1856 vm
919 1818 995 1856 511
1029 1817 1127 1868 ἐπὴν
1152 1816 1265 1863 πόλις
1285 1815 1555 1872 ἀμφικαλύψῃ
1575 1817 1791 1869 δουράτεον
1809 1821 1938 1870 μέγαν
1963 1823 2105 1868 ἵππονς
2133 1816 2209 1858 Od.
2226 1830 2264 1857 v.

291 1891 370 1930 303
400 1888 486 1930 ἀλλ’
515 1888 623 1929 ὁπότ’
654 1889 705 1929 ἄν
735 1902 776 1928 σε
805 1888 920 1940 δόμοι
953 1888 1149 1929 κεκύθωσι
1185 1891 1251 1928 καὶ
1281 1887 1399 1940 αὐλή,
1434 1888 1519 1929 ὦκα
1547 1888 1660 1942 ,adsta
1689 1888 1878 1941 μεγάροιο
1908 1890 2135 1942 διελθέμεν,
2165 1889 2201 1929 h.
2231 1904 2262 1929 e.

290 1969 328 2001 te
357 1962 588 2014 receperint.

486 2033 532 2073 In
564 2033 700 2073 eodem
733 2032 906 2072 carmine
939 2046 971 2071 v.
994 2031 1074 2071 212
1104 2030 1201 2071 haec
1230 2038 1442 2070 narrantur

749 2105 932 2158 Namque
949 2105 1091 2156 ferunt
1120 2105 1213 2144 olim
1241 2104 1358 2144 classi
1389 2119 1474 2143 cum
1502 2106 1655 2144 moenia
1683 2105 1796 2144 divae

749 2177 1006 2229 Linquentem
1030 2184 1193 2229 quatum
1220 2177 1341 2215 ventis
1370 2177 1613 2215 concrederet
1638 2177 1790 2227 Aeqeus

753 2249 869 2288 Talia
899 2249 1137 2302 complexum
1164 2249 1296 2289 iuveni
1321 2249 1508 2289 ‘mandata
1536 2249 1696 2289 dedisse.

289 2318 368 2370 Sic,
400 2320 529 2370 classi,
559 2321 673 2373 probi
703 2321 813 2371 libri3
844 2321 894 2360 ab
919 2320 1035 2360 Italis
1065 2321 1332 2372 excogitatum
1361 2327 1423 2360 est
1451 2328 1578 2360 castae
1603 2335 1689 2360 cum
1713 2334 1762 2359 m.
1784 2322 1917 2368 divae‚·
1947 2334 2112 2373 eamque
2138 2322 2260 2373 scrip-

288 2398 416 2430 turam
450 2397 709 2444 posteaquam
738 2391 1021 2451 Lachmannus
1051 2393 1287 2432 memoravit
1314 2392 1351 2432 h.
1380 2406 1413 2432 e.
1442 2392 1745 2440 commendavit,
1782 2406 1862 2431 non
1897 2392 2024 2431 solum
2059 2392 2260 2445 Hauptius

288 2477 374 2502 eam
405 2464 487 2503 suis
518 2463 760 2505 editionibus
789 2465 1035 2518 propagavit,
1068 2464 1137 2505 sed
1162 2465 1434 2518 praetulerunt
1454 2465 1572 2504 etiam
1592 2464 1769 2517 plerique
1790 2464 2066 2517 posteriorum,
2098 2462 2258 2504 Schwa-

288 2534 387 2587 bius,
418 2533 590 2588 Riesius‚
623 2533 880 2589 Schmidtius,
911 2551 960 2577 ne
986 2536 1253 2578 Baehrensius
1283 2537 1443 2590 quidem
1472 2537 1591 2576 classi
1613 2537 1796 2589 probavit
1816 2536 1885 2575 sed
1907 2537 2166 2575 coniectando
2187 2552 2258 2589 pro

285 2620 395 2647 more
424 2607 568 2648 mirum
595 2609 637 2648 in
668 2609 829 2649 modum
858 2610 1094 2661 luxuriatur3
1126 2611 1244 2649 classi
1270 2610 1376 2662 quod
1406 2625 1527 2649 unum
1555 2609 1675 2648 habet
1703 2609 1862 2648 testium
1892 2608 2012 2648 fidem
2041 2610 2082 2648 in
2109 2607 2259 2650 Catulli

285 2680 505 2733 Hauptiani
534 2681 707 2721 editione
738 2690 878 2735 quarta
907 2691 946 2722 et
975 2685 1114 2735 quinta
1143 2685 1366 2723 restitutum
1398 2690 1468 2733 est,
1500 2683 1683 2735 idemque
1713 2696 1801 2721 cum
1820 2681 1987 2722 Ellisius
2013 2689 2098 2723 tum
2119 2682 2257 2723 Schul-

284 2752 368 2791 zius
398 2760 616 2793 servarunt.
676 2753 808 2803 Quam
843 2755 963 2807 igitur
998 2756 1039 2794 in
1068 2738 1143 2795 hoc
1173 2755 1357 2795 dissensu
1387 2754 1589 2794 doctorum
1624 2753 1864 2793 sententiam
1900 2753 2096 2794 dicimus?
2153 2755 2257 2794 Nam

282 2823 351 2874 qui
384 2823 577 2863 curiosius
615 2825 717 2864 hanc
753 2826 866 2865 litem
901 2826 1177 2866 ratiocinando
1221 2826 1463 2877 discusserit,
1508 2826 1707 2865 neminem
1743 2825 1928 2876 vidimus,
1971 2826 2041 2866 sed
2073 2827 2258 2866 videntur

480 2975 512 3016 *)
536 2986 681 3019 umquam
704 2977 781 3010 tales
805 2977 895 3019 libri,
918 2978 961 3011 ab
987 2976 1085 3011 Italis
1110 2980 1310 3011 correctum.
