2652 3396
1298 194 1322 234 6

313 309 420 343 certo
450 302 632 343 effectum
659 302 828 354 videtur,
860 302 1052 342 orationis
1079 308 1317 342 structuram
1340 304 1523 355 primitus
1544 303 1646 342 hanc
1665 302 1788 341 fuisse
1810 303 1948 342 Prona
1968 304 2074 343 cadit
2093 303 2167 342 late
2182 331 2299 342 .....

314 372 430 414 obvia
446 373 657 428 franqene,
689 387 792 427 quae
817 373 952 414 media
981 379 1075 414 sunt
1104 373 1321 427 depravata
1350 388 1437 414 esse
1468 374 1538 415 sed
1567 387 1614 413 ea
1642 373 1809 412 formam
1829 382 2102 426 recuperatam
2122 375 2301 424 flagitare

314 459 416 499 quae
445 459 537 485 cum
567 446 733 497 reliquis
762 459 863 497 quae
892 452 1000 485 recte
1031 446 1180 498 scripta
1209 453 1302 485 sunt
1331 447 1564 485 concilietur
1584 452 1624 484 et
1641 445 1782 484 intime
1802 446 2014 497 conspiret.
2065 445 2168 485 Nam
2189 444 2303 485 obvia

314 517 436 558 habet
463 517 563 557 illud
593 517 754 571 quidem
785 517 938 570 aliquid
969 518 1158 569 ambigui,
1190 523 1401 571 propterea
1426 517 1532 570 quod
1553 523 1674 557 testes
1695 517 1751 556 ita
1771 515 1981 556 discedunt
2001 522 2044 556 ut
2063 516 2177 557 obvia
2197 516 2301 557 Oxo·

313 590 465 629 niensis
496 589 639 639 codex,
672 574 1034 640 Sangermanensis
1065 596 1197 630 autem
1228 592 1359 630 omnia
1389 589 1588 642 adscripto
1619 604 1669 629 m.
1699 589 1765 629 alt.
1793 588 1907 628 obvia
1937 588 2163 630 exhibeant.
2223 588 2303 630 Sed

314 663 446 702 omnia
476 662 551 701 etsi
577 660 780 713 Vergilius
811 675 932 714 supra
960 660 1143 700 laudatus
1174 660 1275 700 tueri
1306 660 1495 711 videatur,
1527 659 1640 699 obvia
1670 660 1798 711 magis
1818 660 2010 699 fovebunt
2028 673 2130 712 quae
2151 659 2305 701 Seneca

315 734 457 774 scribit
486 733 534 772 de
564 734 624 772 ira
650 745 662 772 1
686 734 750 784 11,
772 733 798 772 2
828 734 910 772 nisi
936 733 1044 786 quod
1071 740 1156 770 erat
1182 733 1263 770 illie
1292 730 1497 781 (Cimbros
1519 732 1800 783 Teutonosque
1831 729 1944 782 dicit)
1967 734 2033 771 ira
2046 746 2124 784 pro
2144 735 2303 780 virtute,-

316 818 415 857 quae
443 812 486 844 ut
515 805 733 857 aliquando
757 804 944 857 propulit
970 806 1182 856 stravitque
1211 803 1340 852 obvia,
1370 805 1428 841 ita
1452 805 1610 855 saepius
1639 803 1717 842 eibi
1734 805 1851 842 exitio
1877 812 1945 852 eet,
1977 812 2045 843 aut
2065 818 2164 855 quae
2186 802 2303 844 Clau-

316 875 459 916 dianus
488 887 624 916 xxvm
643 876 725 915 468
753 877 1017 929 propriaeque
1045 874 1181 913 salutis
1210 876 1411 913 immemor
1439 882 1475 913 et
1502 876 1634 913 etricto
1661 883 1911 927 prosternens
1940 874 2054 914 obvia
2071 875 2204 926 ferro,
2236 875 2303 913 ubi

316 948 456 988 eadem
489 955 551 988 est
579 949 621 987 in
652 948 766 987 obvia
796 954 835 986 et
863 948 995 986 omnia
1023 946 1213 985 librorum
1245 945 1523 997 discrepantia,
1556 953 1623 985 aut
1652 945 1757 986 idem
1787 958 1878 987 xxn
1907 947 1961 987 20
1987 946 2167 1000 precibus
2193 961 2303 986 num·

318 1034 437 1073 quam
471 1020 737 1072 implacabilie
772 1018 910 1063 obstes,
947 1017 1060 1057 obvia
1091 1025 1323 1071 prosternas
1356 1025 1634 1070 prostrataque
1661 1031 1768 1057 more
1796 1018 1949 1057 leonum
1978 1019 2189 1072 despicias,
2226 1018 2305 1058 alia

318 1105 420 1144 quae
449 1098 589 1144 postea
618 1091 807 1129 dicemus.
857 1089 900 1129 Si
931 1090 1036 1128 enim
1068 1090 1146 1128 iam
1177 1089 1380 1141 quaeritur
1410 1089 1506 1141 quid
1535 1090 1575 1128 in
1607 1089 1695 1129 istis
1726 1091 1923 1143 corruptis
1953 1090 2117 1130 vocibus
2148 1090 2303 1130 delites-

319 1170 399 1213 cat,
431 1178 481 1202 ne
510 1177 660 1203 meram
690 1162 909 1201 litterarum
945 1160 1114 1200 formam
1151 1166 1391 1214 temptantes
1422 1160 1622 1214 opinando
1651 1175 1842 1213 vagemur
1871 1169 1910 1201 et
1940 1176 2131 1212 erremus,
2168 1176 2304 1202 rursus

319 1234 718 1289 circumspiciendum
749 1233 944 1284 ducimus,
976 1233 1016 1272 in
1048 1232 1168 1273 simili
1200 1247 1321 1273 causa
1351 1232 1446 1287 quid
1476 1232 1542 1273 alii
1574 1232 1760 1285 dixerint,
1792 1233 1885 1273 inde
1907 1234 1941 1273 si
1960 1233 2061 1273 forte
2083 1234 2302 1286 colligatur,

319 1321 421 1360 quae
441 1305 591 1347 Catulli
620 1320 733 1345 mens
763 1306 887 1345 fuisse
914 1306 1099 1358 potuerit.
1149 1305 1291 1358 Itaque
1312 1306 1453 1345 Livius
1483 1306 1624 1345 scribit
1641 1318 1790 1346 xxxvn
1808 1307 1873 1355 41,
1903 1308 1928 1346 6
1948 1305 2015 1356 (de
2034 1307 2191 1346 falcatis
2211 1321 2304 1358 qua·

258 1398 264 1406 1
320 1377 462 1430 drigis)
496 1380 674 1431 cuspides
705 1409 713 1417 .
742 1409 750 1417 .
781 1377 886 1417 velut
920 1391 1069 1416 cornua
1103 1377 1296 1417 habebant
1325 1378 1465 1430 quibus
1495 1379 1692 1430 quidquid
1720 1378 1874 1430 obvium
1903 1379 2065 1418 daretur
2099 1380 2303 1434 tranefiye-

317 1460 423 1498 rent,·
458 1450 644 1490 Valerius
678 1450 879 1490 Maximus
914 1462 929 1490 1
960 1451 981 1491 7
1018 1449 1110 1490 Ext.
1141 1452 1160 1489 1
1198 1451 1407 1489 immensae
1441 1451 1725 1502 maqnitudinie
1759 1458 1973 1503 serpentem
2006 1452 2195 1491 concitato
2230 1452 2304 1490 im-

316 1531 408 1576 petu
438 1537 548 1562 omne
582 1523 778 1575 quidquid
811 1522 966 1561 obvium
989 1522 1131 1574 fuerat
1158 1530 1439 1575 proterentem3
1470 1521 1652 1562 Valerius
1687 1522 1855 1562 Flaccus
1885 1534 1931 1562 111
1951 1523 2031 1562 583
2060 1523 2213 1562 volucri
2239 1537 2306 1562 ceu

315 1603 475 1648 pectora
503 1602 627 1635 tactus
657 1594 756 1634 aeilo
787 1595 942 1634 emicuit
970 1593 1149 1634 Calabria
1178 1601 1315 1633 taurus
1341 1608 1415 1648 per
1444 1594 1638 1646 confraqa
1665 1596 1810 1648 saeptis
1841 1594 1954 1634 obvia
1979 1608 2154 1648 quaeque
2172 1609 2304 1645 ναεπες

317 1667 529 1707 Lucretius
557 1678 602 1707 vl
632 1666 712 1706 338
749 1668 917 1719 impetus
950 1666 1016 1705 ille
1048 1668 1260 1718 yravescit,
1298 1675 1340 1705 ut
1369 1669 1577 1706 venzenzias
1606 1675 1641 1706 et
1669 1668 1784 1706 citiue
1813 1681 2077 1719 quaecumque
2104 1675 2307 1706 morantur

318 1738 433 1777 obvia
462 1739 647 1777 discutiat
671 1738 806 1790 plaqie
840 1735 908 1787 (cf.
929 1750 944 1776 1
973 1735 1082 1787 289).
1134 1738 1245 1776 Haec
1276 1745 1460 1789 putamus
1491 1739 1523 1777 si
1554 1753 1633 1777 non
1664 1738 1849 1787 multum,
1887 1738 2135 1790 aliquantum
2174 1745 2305 1778 tamen

319 1809 464 1860 valere,
495 1809 667 1862 primum
697 1814 740 1848 ut
769 1808 895 1859 obvia,
927 1808 1033 1861 quod
1063 1808 1226 1849 alterius
1254 1809 1367 1849 testis
1394 1809 1593 1861 praesidio
1615 1808 1772 1849 defendi
1796 1809 1983 1860 diximus,
2014 1809 2166 1848 firmius
2188 1809 2306 1848 etiam

320 1880 563 1932 stabiliatur,
602 1880 745 1920 deinde
782 1888 824 1920 ut
859 1895 938 1920 non
978 1880 1174 1920 absurdus
1211 1880 1406 1932 videatur,
1445 1882 1477 1920 si
1514 1882 1602 1933 quis
1633 1881 1682 1920 ad
1713 1881 1872 1920 illorum
1902 1880 2205 1920 similitudinem
2232 1879 2307 1920 Ca-

320 1953 408 1992 tulli
445 1966 602 2005 quoque
638 1953 876 1992 sententiam
919 1966 1149 2005 expressam
1190 1953 1313 1992 fuisse
1355 1953 1541 1992 coniiciat
1582 1967 1746 2006 eamque
1786 1954 1888 1991 hanc
1923 1954 2005 1992 fere
2044 1954 2210 1992 formam
2249 1955 2306 1993 in-

321 2025 456 2065 duisse
493 2031 657 2075 statuat,
692 2039 825 2077 prona
862 2025 969 2063 cadit
1003 2025 1079 2063 late
1114 2039 1384 2077 quaecumque
1421 2025 1533 2064 obvia
1551 2025 1762 2076 franqene.
1808 2024 1863 2065 Ut
1893 2024 1967 2065 hoc
2003 2040 2124 2064 unum
2159 2032 2307 2066 restare

322 2098 445 2148 dicas,
479 2098 512 2136 si
542 2098 628 2136 fieri
659 2097 787 2150 possit
816 2111 865 2136 ex
888 2095 1046 2136 traditis
1069 2095 1236 2149 syllabis
1264 2103 1306 2135 ut
1326 2096 1367 2135 in
1389 2097 1627 2136 sententiam
1649 2096 1753 2149 quod
1775 2096 1943 2149 quadret
1965 2111 2181 2151 versusque
2202 2112 2306 2139 men-

323 2184 415 2209 sura
444 2170 611 2220 recipiat
639 2169 718 2208 leni
749 2183 869 2207 manu
900 2169 1130 2219 refingatur.
1180 2168 1225 2206 Id
1258 2168 1362 2219 quod
1393 2175 1472 2207 tres
1502 2169 1577 2207 viri
1608 2168 1713 2208 docti
1744 2169 1930 2221 prudenti
1957 2170 2123 2210 consilio
2144 2172 2308 2223 exsequi

323 2241 576 2292 studuerunt,
609 2241 676 2294 qui
707 2240 781 2280 hoc
811 2240 984 2292 agebant
1014 2239 1263 2279 emendando
1295 2246 1337 2279 ut
1367 2238 1525 2280 Catullo
1554 2241 1767 2280 redderent
1796 2255 1881 2281 eam
1913 2255 2032 2294 quam
2060 2243 2308 2295 probabilem

324 2327 412 2353 esse
443 2312 616 2352 diximus
647 2314 884 2362 orationem3
916 2328 1083 2366 quorum
1105 2314 1286 2352 Achilles
1309 2312 1461 2353 Statius
1493 2316 1697 2366 proposuit
1716 2316 1856 2354 Prona
1880 2317 1987 2355 cadit
2006 2316 2081 2355 late
2101 2331 2309 2368 quaecum-

324 2399 398 2438 que
426 2383 521 2423 eibi
548 2383 663 2423 obvia
680 2385 899 2437 franqen85
929 2384 1045 2424 Isaac
1065 2384 1233 2425 Vossius
1259 2386 1398 2424 Prona
1428 2387 1534 2425 cadit
1562 2386 1638 2425 late
1671 2389 1918 2438 quaecumvie
1953 2387 2067 2427 obvia
2089 2388 2309 2442 franqen83

323 2456 607 2507 Baehrensius,
639 2457 786 2495 reiecta
806 2471 921 2509 quam
954 2458 1124 2510 primum
1158 2458 1346 2509 probarat
1366 2458 1502 2497 Vossii
1531 2459 1769 2510 opinatione,
1802 2459 1941 2499 Prona
1970 2461 2077 2499 cadit
2101 2460 2175 2500 late
2194 2475 2308 2513 quae·

324 2543 486 2582 cumque
520 2528 655 2567 habet
684 2528 796 2567 obvia
821 2530 1029 2581 franqene.
1091 2529 1204 2578 Quae
1236 2531 1445 2570 conamina
1476 2545 1715 2583 quamquam
1750 2532 1873 2583 probe
1909 2532 2132 2584 excogitata
2160 2540 2308 2573 rectam

326 2602 565 2641 sententiam
586 2608 784 2654 reparant,
812 2616 889 2654 qua
908 2608 1019 2654 parte
1041 2616 1182 2642 manca
1203 2603 1255 2643 sit
1275 2617 1407 2643 eorum
1429 2602 1556 2644 forma
1576 2610 1754 2657 apparet:
1787 2603 1957 2658 primum
1979 2610 2019 2645 et
2037 2605 2196 2645 tertium
2219 2620 2309 2646 con-

324 2673 519 2714 ficiendae
550 2673 841 2714 emendationis
872 2687 992 2714 causa
1021 2674 1173 2714 addunt
1199 2674 1303 2727 quod
1332 2675 1382 2715 ab
1403 2675 1580 2715 oratione
1613 2690 1690 2715 non
1723 2676 1997 2729 requirebatur
2017 2684 2055 2716 et
2075 2692 2124 2717 ne
2145 2678 2204 2717 sic
2225 2679 2309 2731 qui-

326 2745 415 2785 dem
446 2746 665 2784 verisimile
696 2745 933 2785 emendandi
964 2759 1088 2796 genus
1119 2752 1302 2785 assecuta
1323 2753 1431 2797 sunt3
1464 2747 1637 2786 medium
1667 2749 1913 2800 pronominis
1942 2749 2109 2788 formam
2139 2750 2258 2789 infert
2287 2766 2309 2790 a

327 2831 509 2857 sermone
538 2817 685 2856 Latino
716 2817 900 2857 alienam.
950 2817 1100 2857 Verum
1130 2825 1261 2857 tamen
1284 2818 1390 2857 hunc
1410 2833 1482 2858 nos
1503 2820 1702 2858 tramitem
1723 2826 1915 2870 tenentes,
1949 2819 2040 2860 dum
2063 2821 2187 2860 vitare
2208 2836 2307 2874 quae

325 2889 385 2928 illi
416 2878 633 2942 peccarunt
662 2889 880 2939 studemus,
913 2890 1158 2941 pronominis
1178 2890 1346 2928 formam
1378 2891 1620 2930 restituimus
1641 2898 1680 2930 et
1701 2906 1831 2931 veram
1855 2897 1894 2931 et
1915 2898 2049 2944 utpote
2070 2907 2170 2944 quae
2191 2907 2308 2945 quam

327 2961 498 3012 plurima
528 2961 814 3013 complectatur
844 2960 935 2999 huic
966 2961 1134 3000 orationi
1164 2962 1342 3013 apprime
1373 2963 1686 3013 convenientem,
1719 2963 1888 3015 denique
1910 2978 1959 3003 ne
1989 2965 2121 3016 specie
2147 2965 2308 3017 quidem

327 3047 351 3072 a
379 3032 661 3086 probabilitate
692 3032 935 3073 destitutam.
995 3030 1063 3073 Sic
1094 3034 1198 3073 enim
1230 3034 1438 3087 scripsisse
1469 3032 1671 3074 Catullum
1701 3032 1950 3089 suspicamur

791 3105 928 3144 Prona
960 3106 1066 3144 cadit
1095 3106 1170 3144 late
1199 3108 1362 3159 quaevis
1394 3120 1560 3158 cumque
1591 3107 1705 3146 obvia
1722 3108 1933 3160 franyens.
