2652 3396
1267 72 1317 111 17

304 180 508 221 Ciceronis
543 185 662 221 verba
692 183 947 234 explicamus,
979 195 1079 233 quae
1100 183 1156 221 ita
1175 183 1360 232 leguntur
1388 183 1413 221 l.
1436 196 1468 222 c.
1492 185 1563 234 qui
1590 196 1675 221 cum
1705 197 1960 234 suppressa
1990 197 2097 221 voce
2128 184 2173 220 de
2199 197 2279 221 sce-

304 254 380 293 lere
399 255 446 293 P.
464 254 634 304 Lentuli,
667 255 714 293 de
742 254 912 292 audacia
941 255 1231 293 coniuratorum
1262 255 1433 294 omnium
1461 255 1635 302 dixisset,
1666 261 1816 293 tantum
1844 255 1958 294 modo
1984 262 2027 293 ut
2049 268 2116 294 vos
2147 256 2219 306 qui
2236 268 2281 293 ea

300 326 479 378 probatis
507 327 695 365 eaaudire
718 326 898 378 possetis,
929 326 975 364 de
1004 325 1212 378 supplicio,
1243 326 1290 365 de
1309 340 1461 365 carcere
1490 340 1655 377 vrna-qna
1685 333 1727 365 et
1757 326 2053 378 queribunda
2081 340 2189 366 voce
2216 327 2279 366 di-

303 398 427 448 cebat,
457 399 502 437 in
531 411 607 451 quo
636 399 809 451 primum
839 405 922 437 erat
949 398 1051 437 illud
1079 397 1305 449 absurdum,
1337 399 1444 452 quod
1472 412 1559 438 cum
1587 412 1633 437 ea
1663 412 1763 450 quae
1793 398 1960 438 leviter
1989 399 2144 438 dixerat
2170 397 2280 439 vobis

297 470 471 523 probare
497 470 660 519 volebat,
693 484 755 510 eos
785 479 912 510 autem
942 472 1012 523 qui
1040 472 1184 510 circum
1201 472 1392 510 iudicium
1411 471 1568 510 stabant
1587 471 1725 509 audire
1744 470 1909 519 nolebat,
1940 485 2019 509 non
2037 471 2282 523 intelleqebat

302 555 348 580 ea
377 555 477 593 quae
505 543 630 581 clare
657 544 800 581 diceret
826 545 883 582 ita
901 544 991 581 illos
1019 545 1224 583 audituros
1254 544 1393 595 quibus
1422 558 1461 583 se
1488 544 1713 583 venditabat
1741 552 1784 582 ut
1810 558 1878 582 vos
1908 558 2061 595 quoque
2089 544 2280 582 audiretis

304 614 374 664 qui
399 614 445 651 id
470 627 550 652 non
576 613 819 666 probabatis,
850 628 976 666 paene
1006 614 1150 653 mirum
1180 616 1295 654 nobis
1325 616 1492 665 videtur,
1524 615 1619 667 quid
1651 616 1783 654 leviter
1812 616 1887 654 sibi
1912 615 2032 654 vellet
2052 614 2278 654 addubitari

303 685 490 736 potuisse,
522 685 627 737 quod
658 692 699 724 ut
728 686 954 738 oppositum
985 693 1045 726 est
1073 687 1123 726 iis
1154 701 1253 739 quae
1275 687 1387 737 clare,
1419 702 1519 739 quae
1541 702 1685 740 maqna
1705 701 1795 726 voce
1814 684 1880 736 (cf.
1903 687 1955 726 33
1977 688 2151 726 maxima
2170 701 2279 734 voce;

305 756 366 806 12,
400 756 452 796 34
481 757 700 797 clarissima
718 755 825 808 voce)
855 758 1050 809 dicuntur,
1083 759 1139 798 ita
1169 759 1321 799 variata
1350 760 1527 799 oratione
1557 759 1677 799 refert
1703 759 1806 798 idem
1829 758 1933 812 quod
1954 766 2047 798 ante
2067 773 2279 812 suppressa

302 842 391 867 voce
421 828 575 868 dixerat
603 836 744 869 orator.
793 830 850 868 De
882 830 1078 883 Propertii
1109 838 1239 869 autem
1271 845 1385 869 versu
1416 832 1471 869 ita
1501 832 1695 870 sentimus
1728 837 1769 869 ut
1799 846 1887 869 cum
1919 830 2097 882 Cynthia
2127 831 2232 870 dicat

765 902 965 941 Interdum
994 903 1126 942 leviter
1152 917 1299 942 mecum
1328 904 1479 942 deserta
1508 903 1698 955 querebar

829 975 1000 1013 Externo
1031 975 1167 1027 lonqas
1196 989 1311 1027 saepe
1338 977 1382 1013 in
1410 989 1541 1014 amore
1568 989 1714 1024 moras,

303 1044 454 1082 levitate
488 1046 614 1083 animi
646 1043 873 1093 immixta*)
903 1060 982 1097 qua
1011 1060 1052 1084 se
1083 1046 1280 1085 desertam
1317 1053 1501 1097 queratur
1536 1061 1743 1085 vereamur
1772 1060 1821 1084 ne
1852 1060 1992 1084 sensus
2029 1046 2112 1084 eius
2142 1045 2278 1097 depra-

302 1121 436 1165 vetur3
479 1129 577 1168 quae
614 1130 656 1155 se
691 1117 880 1157 desertam
915 1117 1027 1167 dicit,
1066 1123 1199 1170 utpote
1235 1131 1336 1169 quae
1373 1118 1457 1157 sola
1493 1118 1561 1168 sit,
1600 1132 1645 1157 eo
1683 1131 1754 1156 usu
1789 1117 1897 1156 vocis
1933 1117 1999 1169 qui
2035 1131 2083 1156 ex
2116 1117 2230 1168 1117,
2254 1117 2278 1156 3

303 1189 478 1240 quotiens
508 1189 678 1228 desertus
707 1202 865 1228 amaras
895 1189 1046 1241 explevi
1070 1197 1210 1239 noctes,
1242 1190 1409 1242 aliisque
1444 1190 1540 1229 locis
1567 1189 1764 1241 Propertii
1797 1189 1903 1227 velut
1922 1200 1952 1229 11
1974 1189 2036 1238 18,
2059 1189 2102 1239 83
2124 1188 2189 1239 21,
2215 1190 2276 1239 16,

303 1257 450 1298 Catulli
471 1272 604 1299 LXVIII
623 1262 665 1310 ὃς
696 1272 796 1300 LXVI
816 1262 864 1299 21
899 1262 1167 1312 cognoscitur3
1208 1262 1340 1300 leviter
1374 1269 1505 1299 autem
1541 1276 1564 1299 a
1599 1263 1749 1299 deserta
1779 1261 1951 1299 solutum
1981 1261 2166 1312 quoniam
2199 1274 2278 1298 non

301 1333 429 1383 potuit
456 1333 535 1371 nisi
565 1347 653 1371 cum
685 1333 875 1385 querebar
903 1333 1101 1384 coniungi,
1135 1340 1175 1371 ut
1204 1334 1260 1372 ita
1290 1333 1395 1372 dicat
1423 1335 1617 1372 interdum
1647 1334 1778 1372 leviter
1803 1346 1947 1372 mecum
1968 1332 2169 1385 querebar,
2201 1347 2280 1384 qua

301 1404 339 1443 vi
369 1404 542 1456 positum
573 1410 757 1456 putamus
786 1405 864 1445 nisi
893 1405 961 1444 illa
982 1419 1100 1457 quam
1121 1403 1263 1445 Cicero
1284 1418 1494 1458 suppressa
1514 1419 1604 1445 voce
1624 1405 1820 1456 expressit
1838 1402 1926 1455 (mit
1945 1404 2059 1444 leiser
2080 1401 2276 1454 Stimme);

300 1474 516 1527 eademque
545 1476 698 1515 ratione
729 1476 803 1515 hoc
834 1476 883 1515 ad
913 1490 1059 1516 mecum
1089 1476 1279 1528 querebar
1307 1475 1484 1514 additum
1515 1482 1586 1523 est,
1619 1489 1697 1527 qua
1728 1476 1788 1513 vel
1811 1475 1980 1515 Ovidius
2011 1476 2152 1514 scribit
2170 1474 2277 1525 (Art.

299 1561 374 1585 am.
394 1558 410 1586 1
431 1544 527 1597 369)
557 1554 592 1586 et
619 1561 746 1586 secum
775 1549 882 1586 tenui
909 1550 1117 1600 suspirans
1145 1561 1342 1585 murmure
1371 1549 1486 1597 dicat,
1519 1557 1586 1585 aut
1607 1547 1798 1585 Horatius
1828 1547 1919 1598 (Ep.
1942 1559 1971 1585 11
1991 1548 2027 1597 2,
2059 1544 2155 1596 145)
2181 1560 2278 1598 quo-

299 1620 403 1657 circa
432 1633 577 1657 mecum
608 1620 747 1670 loquor
767 1622 982 1671 tacitusque
1010 1621 1197 1658 recordor
1226 1619 1292 1669 (cf.
1315 1619 1485 1658 Ovidius
1520 1619 1551 1657 F
1556 1626 1628 1657 ast.
1651 1631 1693 1658 IV
1723 1619 1804 1657 585
1826 1633 1945 1670 supra
1974 1616 2149 1667 allatus).
2195 1618 2280 1657 Nec

299 1697 367 1729 aut
395 1689 623 1743 Propertius
655 1705 741 1729 cum
773 1691 871 1730 dicit
898 1703 927 1731 11
947 1692 1010 1742 32,
1043 1691 1092 1731 15
1122 1699 1177 1731 tot
1205 1692 1369 1731 leviter
1398 1691 1567 1744 lymphis
1597 1698 1678 1730 tota
1713 1690 1992 1744 crepitantibus
2022 1690 2116 1730 urbe
2145 1690 2208 1729 vel
2236 1702 2279 1730 IV

299 1763 336 1812 8,
359 1764 413 1802 50
442 1776 527 1801 cum
555 1763 680 1802 subito
710 1765 826 1802 rauci
852 1772 1063 1802 sonuerunt
1093 1765 1253 1802 cardine
1277 1772 1426 1816 postes,
1464 1771 1498 1802 et
1529 1764 1650 1802 levia
1680 1764 1734 1802 ad
1758 1765 1909 1815 primos
1939 1777 2143 1802 murmura
2159 1763 2278 1813 facta

300 1835 401 1874 lares
432 1834 497 1883 (de
528 1835 671 1887 quibus
691 1835 971 1875 Lachmannus
1002 1835 1189 1875 admonet
1217 1849 1254 1888 p.
1273 1833 1371 1886 384)
1391 1836 1469 1875 alio
1491 1849 1611 1875 sensu
1638 1850 1684 1875 ea
1706 1835 1899 1875 vocabula
1919 1836 2073 1888 accepit
2093 1842 2161 1874 aut
2180 1834 2274 1874 Ver·

299 1906 418 1958 gilius
440 1907 528 1947 buc.
550 1920 566 1948 1
585 1907 637 1948 55
667 1922 781 1961 saepe
811 1908 902 1948 levi
919 1922 1095 1948 somnum
1114 1908 1292 1948 suadebit
1310 1909 1412 1947 inire
1431 1922 1602 1947 susurro.
1648 1908 1870 1948 Varronem
1892 1915 2023 1947 autem
2045 1908 2112 1960 qui
2134 1908 2274 1947 scribit

300 1979 347 2018 de
373 1979 398 2018 l.
416 1978 462 2019 L.
478 1992 522 2020 VI
536 1981 585 2020 67
615 1989 882 2020 murmuratur
908 1978 1099 2031 [dictum]
1124 1996 1149 2019 a
1173 1981 1429 2019 similitudine
1457 1982 1605 2019 sonitus
1632 1982 1757 2019 dictus
1783 1982 1855 2032 qui
1877 1982 1932 2018 ita
1958 1981 2125 2018 leviter
2150 1980 2273 2031 loqui-

299 2060 363 2090 tur
390 2061 433 2091 ut
460 2054 586 2104 maqis
607 2066 626 2091 e
645 2066 738 2092 sono
758 2054 803 2091 id
814 2053 955 2103 facere
984 2067 1101 2104 quam
1120 2061 1163 2091 ut
1181 2053 1424 2104 intelliqatur
1451 2054 1631 2091 videatur
1650 2066 1728 2090 non
1752 2060 1837 2090 erat
1866 2059 1909 2090 ut
1933 2052 2141 2103 opinamur
2168 2051 2272 2103 quod

300 2123 574 2174 corrigendum
607 2130 761 2176 praeter
789 2124 909 2163 fidem
938 2125 1098 2163 testium
1130 2125 1263 2163 leniter
1290 2138 1360 2176 pro
1387 2124 1518 2162 leviter
1547 2124 1721 2175 reposito
1752 2130 1970 2162 censerent.
2007 2123 2091 2162 Nec
2111 2122 2275 2162 Festum

299 2195 559 2246 praeterimus
582 2209 617 2247 p.
638 2195 728 2245 188,
754 2197 801 2235 17
826 2195 1070 2234 Thewrewk.
1093 2195 1149 2234 ita
1170 2195 1365 2234 dicentem
1392 2196 1504 2234 nictit
1523 2196 1630 2234 canis
1650 2196 1693 2232 in
1713 2195 1927 2233 odorandis
1944 2194 2133 2245 ferarum
2162 2195 2275 2233 vesti-

296 2267 375 2316 qiis
395 2266 560 2305 leviter
576 2269 782 2319 9anniens,
811 2275 854 2305 ut
875 2267 1031 2305 Ennius
1052 2288 1116 2305 —-.
1162 2266 1274 2315 Quae
1295 2280 1383 2305 cum
1404 2267 1459 2304 ita
1483 2268 1574 2316 sint,
1600 2267 1633 2304 si
1654 2267 1743 2317 quis
1764 2273 1884 2317 negat
1904 2267 2008 2315 levis,
2034 2266 2166 2304 leviter
2185 2279 2273 2303 cum

300 2338 468 2377 sonandi
498 2339 631 2378 verbis
663 2339 874 2378 coniuncta
901 2340 980 2378 vim
1008 2338 1154 2378 habere
1185 2353 1302 2391 quam
1334 2339 1544 2378 statuimus
1576 2352 1772 2390 quamque
1809 2345 1946 2377 nostro
1977 2351 2158 2377 sermone
2189 2337 2276 2376 leise

300 2408 513 2460 reddimus,
546 2410 579 2449 is
611 2411 727 2450 nobis
758 2417 826 2449 aut
854 2410 939 2449 falli
970 2411 1157 2463 opinione
1188 2410 1343 2450 videtur
1364 2416 1431 2450 aut
1451 2410 1616 2462 argutiis
1647 2424 1741 2449 usus
1771 2410 1936 2449 infitiari
1967 2409 2071 2461 quod
2103 2410 2274 2462 simplici

299 2480 445 2520 iudicio
476 2488 654 2533 apertum
686 2489 756 2522 est.
803 2480 985 2521 Catullus
1017 2483 1101 2534 ipse
1123 2496 1225 2534 quae
1255 2481 1502 2521 iocabundus
1524 2482 1571 2520 de
1593 2482 1711 2520 Arrio
1743 2482 1887 2520 cecinit
1916 2495 1948 2520 c.
1969 2492 2128 2520 Lxxxrv
2158 2482 2273 2519 audi—

498 2635 529 2673 2)
555 2633 727 2675 Hauptius
752 2635 842 2675 apud
869 2635 1053 2676 Belgerum
1077 2646 1109 2676 p.
1126 2635 1168 2667 92
1193 2634 1299 2668 etiam
1323 2634 1357 2667 in
1383 2634 1435 2667 his
1462 2634 1634 2676 Propertii
1658 2643 1670 2666 1
1687 2635 1715 2673 9,
1734 2635 1776 2666 30

958 2695 1103 2738 Quisquis
1125 2706 1166 2735 es,
1190 2696 1334 2728 assiduas
1356 2695 1397 2727 αΙι
1423 2694 1497 2738 fuqe
1520 2695 1700 2727 blanditias.

891 2754 962 2788 Illis
985 2760 1014 2788 et
1035 2755 1136 2788 silices
1159 2760 1288 2797 possunt
1310 2759 1338 2788 et
1361 2754 1468 2787 cedere
1491 2764 1638 2797 quercus.-

958 2816 1080 2849 Nedum
1104 2821 1137 2849 tu
1158 2817 1260 2860 possis
1282 2816 1450 2859 spiritus
1473 2816 1528 2848 iste
1552 2816 1648 2847 levis

297 2876 440 2916 spiritum
465 2875 558 2906 levem
582 2874 616 2906 in
638 2875 703 2907 vim
729 2876 891 2907 moralem
916 2876 1152 2917 accipiendum
1177 2886 1254 2909 esse
1271 2881 1310 2908 ut
1329 2877 1414 2907 leomo
1439 2877 1617 2907 inconstans
1640 2874 1902 2915 intelligeretur
1927 2874 2121 2913 contendit:
2146 2876 2187 2907 de
2204 2885 2270 2915 quo

297 2934 415 2966 licebit
444 2933 620 2975 dubitare,
650 2939 686 2967 et
710 2946 772 2968 nos
796 2935 931 2977 quidem
961 2937 1100 2970 silicibus
1124 2941 1160 2969 et
1183 2936 1356 2979 quercubus
1385 2934 1556 2969 sentimus
1580 2934 1701 2969 melius
1726 2934 1850 2977 opponi
1873 2944 1950 2968 eum
1972 2934 2030 2976 qui
2055 2935 2130 2969 levis
2154 2939 2209 2969 est
2234 2940 2274 2969 nt

297 2995 440 3037 spiritusg
465 2994 560 3027 velut
582 2994 750 3028 hominem
776 2994 907 3029 Seneca
927 2998 1072 3039 precarii
1092 2997 1222 3040 spiritus
1246 3001 1275 3029 et
1297 2997 1374 3029 mali
1395 2996 1548 3029 haerentis
1573 3005 1650 3029 esse
1675 2994 1759 3028 dicit
1783 2995 1826 3028 ad
1851 2995 1956 3029 Marc.
1977 2996 2027 3035 11,
2046 2996 2077 3029 3.

1966 3061 1986 3095 3
