2652 3396
1294 180 1343 217 12

849 290 905 329 At
930 304 1010 329 non
1040 290 1133 330 haec
1163 290 1360 342 quondam
1389 289 1504 328 nobis
1532 289 1730 341 promieea
1760 290 1904 329 dedisti

719 362 799 402 140
852 362 974 414 Voce,
1006 363 1105 403 mihi
1132 377 1211 403 non
1240 362 1332 402 haee
1360 363 1523 401 mieerae
1551 374 1710 414 operare
1738 362 1911 412 iubebaa,

853 434 934 474 Sed
963 436 1158 475 connubia
1187 435 1301 484 laeta,
1332 435 1400 472 sed
1427 440 1579 486 optatos
1608 433 1859 485 hymenaeos:

853 506 965 555 Quae
992 515 1131 546 cuncta
1158 509 1261 545 aerii
1288 507 1513 559 discerpunt
1540 506 1659 544 im'ta
1686 507 1801 544 venti.

319 591 559 630 quamquam
589 577 760 618 fatemur
789 592 863 619 nos
895 578 935 618 in
966 592 1121 619 summa
1149 578 1206 619 rei
1237 591 1325 618 cum
1356 575 1498 617 Ellisio
1529 576 1659 617 facere
1690 576 1937 630 probareque
1967 590 2013 617 ea
2034 590 2133 631 quae
2154 573 2302 617 Rudol·

318 648 420 701 phus
451 646 664 702 Sydowius
695 656 832 689 noster
861 664 896 689 a.
923 650 1024 691 1881
1049 664 1085 703 p.
1109 651 1161 689 38
1178 663 1236 702 sq.
1269 649 1461 701 exposuit,
1494 649 1560 701 qui
1593 655 1631 686 et
1661 647 1777 687 huius
1808 656 1947 701 poetae
1976 663 2046 688 usu
2076 655 2115 687 et
2134 649 2301 687 aliorum

319 722 525 772 explorato
553 722 759 762 evidenter
785 722 1109 762 demonstrarunt
1134 733 1214 761 tam
1241 722 1351 761 nobie
1372 723 1606 773 insequente
1626 721 1724 759 mihi
1737 734 1858 772 quam
1878 736 1968 760 voce
1988 722 2045 760 sic
2066 721 2171 760 nude
2193 722 2301 773 posi-

318 800 402 833 tum
425 795 523 834 satis
545 794 706 834 defendi
736 808 810 835 nec
840 795 881 834 in
914 795 1032 834 ullam
1064 795 1208 834 iustam
1233 794 1490 834 offensionem
1513 793 1726 832 incurrere.
1764 791 1899 842 Quare
1922 808 2057 833 versus
2081 792 2170 833 139.
2185 793 2240 833 40
2259 799 2302 831 ut

317 865 604 905 Lachmannus
640 865 818 905 ediderat
848 873 887 905 et
915 872 1006 918 post
1031 866 1334 905 Lachmannum
1354 865 1553 917 Hauptius
1585 879 1657 904 nos
1692 878 1772 904 non
1808 864 1999 905 desiimus
2026 866 2065 904 in
2088 864 2300 916 recognitis

319 934 469 976 Catulli
491 936 712 990 Hauptiani
743 937 1038 990 exemplaribus
1068 951 1103 976 a.
1135 938 1240 978 1879
1275 944 1313 976 et
1350 936 1455 977 1885
1483 936 1667 975 retinere.
1718 933 1799 975 Sed
1831 937 1951 976 ceteri
1972 936 2142 976 editores
2163 949 2299 975 omnes

317 1008 411 1047 inde
445 1023 469 1048 a
501 1009 765 1060 Baehrensio,
803 1007 1055 1060 Schwabius‚
1094 1008 1271 1060 Riesius,
1315 1007 1572 1059 Schmidtius,
1610 1007 1838 1058 Schulzius,
1871 1009 2101 1060 Postgatius
2131 1021 2298 1060 quoque,

318 1087 479 1132 r-ecepta
508 1080 750 1120 Oxoniensis
787 1081 936 1120 codicis
967 1081 1166 1133 scriptura
1201 1082 1366 1130 blanda,
1398 1095 1497 1132 quae
1528 1090 1589 1119 est
1618 1081 1654 1118 ei
1683 1080 1787 1119 libro
1827 1094 1916 1119 cum
1956 1081 2090 1119 multis
2130 1081 2299 1131 interpo-

317 1152 409 1192 latis
441 1154 680 1203 communis,
713 1167 802 1193 cum
828 1153 885 1193 ita
904 1154 1087 1193 scribunt
1116 1153 1171 1193 At
1189 1167 1268 1193 non
1287 1153 1380 1193 haec
1405 1154 1606 1205 quondam
1635 1151 1785 1193 blanda
1811 1153 2011 1205 promissa
2040 1153 2183 1193 dedisti
2206 1152 2300 1193 Voce

317 1225 433 1275 mihi,
471 1226 628 1277 egregie
662 1232 802 1278 poetae
833 1225 1088 1278 prospexisse
1118 1226 1196 1265 sibi
1227 1225 1427 1275 videntur,
1464 1224 1568 1277 quod
1607 1231 1646 1264 et
1679 1224 1792 1264 nobie
1821 1225 2023 1264 sublatum
2053 1225 2105 1264 sit
2139 1230 2178 1264 et
2210 1238 2300 1264 voce

318 1297 397 1336 iam
428 1297 573 1336 habeat
602 1311 679 1349 quo
710 1304 889 1348 ornetur,
921 1304 961 1336 et
990 1297 1156 1336 laudant
1185 1304 1328 1337 testem
1358 1298 1419 1336 cui
1449 1297 1526 1336 hoc
1556 1303 1709 1336 tantum
1741 1297 1978 1336 beneficium
2010 1304 2214 1349 acceptum
2243 1296 2296 1335 fe—

318 1374 436 1407 ratur.
489 1367 645 1418 Quibus
675 1383 747 1408 nos
778 1369 812 1408 si
837 1369 1078 1421 persuadere
1106 1369 1315 1420 vellemus,
1348 1384 1396 1409 ne
1426 1377 1516 1422 apte
1546 1369 1706 1421 quidem
1732 1369 1774 1408 in
1800 1368 1875 1408 hac
1905 1369 2084 1408 oratione
2113 1368 2299 1407 blandam

316 1438 491 1489 vocem*)
521 1440 724 1491 appellari,
757 1440 945 1492 quoniam
975 1440 1073 1479 haec
1098 1455 1162 1480 res
1190 1441 1241 1480 ad
1263 1454 1422 1480 sensum
1453 1440 1566 1490 redit,
1599 1440 1718 1480 duras
1748 1454 1864 1480 aures
1894 1440 2205 1489 offenderemus3
2235 1453 2297 1478 ve-

316 1525 402 1550 rum
432 1510 529 1549 illud
560 1511 875 1562 argumentando
906 1512 1036 1551 evinci
1067 1518 1213 1564 potest,
1241 1513 1354 1552 ‘nobis
1384 1520 1423 1551 et
1451 1512 1611 1561 blanda,
1643 1512 1832 1564 quoniam
1862 1511 1964 1551 nihil
1993 1513 2097 1551 inter
2127 1526 2168 1551 se
2192 1512 2297 1551 simi-

315 1581 495 1620 litudinis
531 1581 681 1620 formae
720 1581 886 1632 habent,
924 1596 1004 1621 non
1035 1580 1168 1621 errore
1200 1583 1270 1621 sed
1301 1583 1467 1621 consilio
1502 1583 1668 1621 alterum
1699 1583 1862 1621 alterius
1893 1583 1934 1621 in
1974 1583 2102 1621 locum
2144 1595 2298 1621 succes-

316 1655 432 1703 sisse,
464 1654 569 1704 quod
600 1655 652 1703 si,
691 1669 769 1693 non
802 1655 921 1694 nimis
952 1655 1138 1706 prudenti
1169 1655 1319 1694 homini
1351 1655 1424 1694 hoc
1454 1655 1629 1694 incidere
1659 1655 1854 1707 potuisse,
1888 1661 1931 1693 ut
1961 1668 2060 1706 quae
2091 1655 2131 1693 in
2161 1655 2296 1704 pleris-

315 1739 392 1778 que
421 1724 535 1766 libris
567 1725 716 1779 scripta
746 1733 839 1766 sunt
868 1726 1016 1767 blanda
1047 1740 1116 1780 pro
1146 1726 1260 1767 nobis
1289 1727 1461 1780 reposito
1497 1727 1763 1768 necessariam
1800 1726 2087 1767 correctionem
2121 1726 2296 1778 recipere

315 1804 487 1850 putaret,
525 1798 596 1838 sed
634 1799 667 1837 si
705 1798 891 1838 blandam
926 1813 1056 1839 vocem
1092 1799 1335 1852 primitivam
1372 1799 1493 1839 fuisse
1530 1800 1758 1850 statuimus,
1795 1799 1907 1839 nobis
1946 1798 2049 1838 unde
2085 1799 2295 1838 subnatum

314 1870 377 1919 sit,
409 1871 521 1910 cuius
552 1871 608 1910 rei
638 1885 712 1910 nec
743 1872 954 1911 consilium
985 1885 1059 1911 nec
1090 1886 1199 1911 error
1229 1872 1384 1911 ostendi
1414 1878 1561 1925 potest,
1598 1872 1716 1925 plane
1751 1886 1829 1911 non
1860 1871 2047 1923 intelligi3
2085 1871 2190 1923 quod
2220 1885 2298 1924 qua

314 1943 466 1981 ratione
503 1942 725 1994 patefacere
762 1941 1009 1983 Schmidtius
1046 1943 1216 1993 studuit,
1256 1943 1444 1982 credibile
1474 1958 1553 1983 non
1583 1945 1644 1994 fit,
1677 1944 1769 1996 quia
1803 1944 1924 1983 etiam
1960 1944 2178 1995 intercepto
2208 1951 2298 1995 post

314 2015 473 2066 quondo
498 2015 644 2053 blanda
673 2015 860 2067 explendi
882 2030 1021 2055 versus
1049 2029 1170 2055 causa
1195 2015 1307 2054 nobis
1327 2015 1471 2055 addere
1498 2016 1661 2055 minime
1682 2023 1767 2055 erat
1788 2016 1827 2055 in
1848 2022 2046 2068 promptu.
2092 2012 2171 2054 Sed
2193 2022 2294 2055 esto:

313 2091 574 2138 posteaquam
611 2085 713 2125 hanc
748 2092 903 2139 partem
933 2087 1125 2126 orationis
1157 2092 1320 2126 auctore
1350 2085 1573 2126 Oxoniensi
1609 2087 1711 2127 libro
1742 2087 1800 2127 sic
1829 2087 2122 2126 constituerunt
2150 2094 2190 2126 at
2218 2100 2298 2127 non

313 2157 406 2196 haec
440 2158 639 2210 quondam
673 2158 820 2198 blanda
848 2160 1050 2212 promieea
1085 2159 1230 2198 dedisti
1261 2159 1356 2198 Voce
1383 2159 1497 2208 mihi,
1533 2159 1612 2198 iam
1648 2172 1690 2198 se
1726 2164 1912 2212 torquent
1946 2159 1987 2197 in
2023 2159 2297 2198 concinnanda

313 2230 454 2267 altera:
495 2230 670 2281 plerique
699 2230 823 2268 edunt
850 2244 930 2269 non
959 2231 1052 2268 haec
1080 2232 1251 2268 misera
1287 2243 1446 2281 sperare
1473 2230 1649 2279 iubebas,
1687 2231 1792 2282 quod
1826 2230 2096 2268 Baehrensius
2130 2231 2294 2281 invenit,

314 2301 383 2340 sed
414 2315 492 2352 quo
524 2301 640 2351 nihil,
673 2308 851 2341 nostrum
881 2303 915 2341 si
946 2316 1108 2342 sensum
1139 2301 1403 2352 consulimus,
1435 2301 1632 2343 infelicius
1663 2302 1833 2342 inveniri
1864 2301 2003 2354 potuit,
2036 2308 2075 2341 et
2104 2301 2172 2354 qui
2206 2317 2295 2343 con-

314 2372 497 2413 cinnitati
528 2373 568 2412 in
599 2372 673 2413 hac
703 2386 824 2414 causa
843 2373 995 2427 aliquid
1017 2374 1208 2425 tribuunt,
1242 2373 1500 2414 concinnitati
1523 2373 1708 2415 cedentes
1730 2387 1777 2414 eo
1796 2373 1937 2414 fortius
1959 2373 2160 2425 exagitare
2180 2375 2296 2415 mise-

312 2458 401 2483 rum
431 2444 530 2483 illud
560 2446 703 2484 misera
733 2444 949 2496 debebant3
981 2459 1074 2485 nam
1105 2446 1204 2485 haec
1235 2446 1312 2484 duo
1342 2459 1414 2498 par
1443 2446 1729 2484 sententiarum
1759 2446 1949 2496 efficiunt,
1979 2459 2057 2484 non
2077 2446 2187 2484 haec
2203 2460 2296 2499 pro-

312 2519 433 2555 missa
468 2518 628 2565 dedisti,
665 2531 735 2556 nec
769 2519 878 2556 haec
912 2532 1071 2570 sperare
1103 2519 1284 2565 iubeba85
1320 2519 1431 2556 cuius
1467 2519 1527 2556 vis
1563 2519 1827 2570 pronominis,
1865 2532 1982 2570 quam
2019 2532 2211 2569 agnoscas
2247 2534 2295 2557 ex

314 2588 561 2639 Vergilianis
591 2588 713 2638 (Aen.
735 2601 779 2628 xl
801 2590 895 2637 152)
925 2605 1004 2629 non
1031 2591 1135 2640 haec,
1168 2605 1189 2630 o
1209 2590 1347 2639 Palla,
1378 2590 1540 2629 dederas
1561 2592 1761 2643 promissa
1778 2591 1940 2643 parenti
1966 2588 2032 2637 (cf.
2053 2602 2098 2629 Χῖ
2117 2588 2199 2641 45),
2230 2590 2296 2630 ad-

313 2659 396 2699 dito
428 2662 570 2699 misera
600 2660 744 2700 mirum
776 2661 815 2700 in
848 2661 1008 2701 modum
1038 2661 1281 2714 infringitur.
1326 2661 1451 2702 Paulo
1480 2661 1623 2702 melius
1653 2668 1749 2713 erat,
1781 2661 1887 2715 quod
1918 2661 1986 2701 alii
2013 2662 2294 2714 praetulerunt,

310 2745 390 2771 non
420 2731 513 2771 haec
541 2733 723 2771 miseram
752 2746 912 2786 sperare
939 2732 1109 2784 iubebas,
1140 2747 1382 2787 quamquam
1413 2733 1453 2772 in
1483 2732 1558 2773 hac
1578 2734 1756 2773 oratione
1777 2746 1894 2785 aegre
1915 2732 2186 2772 desideramus
2207 2747 2296 2787 pro-

311 2817 469 2843 nomen.
528 2804 622 2843 Fuit
657 2805 776 2843 etiam
812 2806 881 2856 qui
914 2806 1052 2844 misere
1086 2819 1203 2857 posse
1240 2806 1391 2844 servari
1429 2806 1505 2844 sibi
1542 2805 1814 2858 persuaderet3
1853 2819 1932 2857 qua
1962 2818 2054 2843 vero
2085 2807 2293 2857 sententia,

512 3007 545 3045 *)
572 3005 695 3046 Aptius
720 3004 784 3037 Ilia
817 3005 973 3038 Enniana
998 3007 1042 3046 (v.
1059 3007 1115 3047 50)
1144 3008 1242 3039 multa
1271 3019 1383 3039 manue
1411 3008 1456 3039 acl
1483 3009 1564 3040 caeli
1586 3009 1715 3040 caerula
1738 3009 1852 3050 templa
1875 3007 2035 3040 tendebam
2059 3008 2243 3041 lacrumans
2267 3015 2296 3042 et

312 3066 429 3099 blanda
454 3077 527 3098 vove
550 3066 709 3107 vocabam,
736 3066 796 3099 sed
822 3066 940 3099 eadem
966 3067 1034 3108 (45)
1058 3068 1245 3111 compellare
1267 3073 1360 3111 pater
1383 3078 1428 3100 me
1451 3079 1522 3101 voce
1546 3069 1670 3101 videtur
1694 3069 1741 3101 Ιιίε
1764 3069 1878 3101 verbis.
