2652 3396
1303 172 1327 212 8

319 285 448 336 magis
484 284 653 323 alterum
688 290 837 334 utrum,
874 289 918 322 ut
950 283 1120 333 libebat,
1157 284 1331 334 amplexi
1366 297 1465 322 esse.
1524 283 1607 321 Nos
1645 289 1686 320 ut
1715 296 1785 334 pro
1815 290 1922 321 certo
1952 282 2192 321 affirmemus
2221 296 2300 321 non

319 370 436 407 posse
468 356 547 395 nisi
577 354 683 407 quod
712 354 906 394 librorum
936 355 1152 394 memoriae
1183 360 1389 407 acceptum
1418 354 1541 393 fert-ur
1570 353 1742 406 probari,
1774 353 1929 394 duobus
1958 354 2200 405 argumentis
2221 367 2300 392 mo-

322 442 475 479 vemur,
514 441 591 467 uno
621 427 716 480 quia
745 427 876 467 ventis
915 426 1102 467 concredi
1131 441 1209 466 11011
1240 432 1329 479 apte
1366 425 1518 465 dicetur
1547 425 1625 465 nisi
1657 425 1724 478 qui
1752 425 1872 465 classi
1903 425 1940 466 h.
1970 440 2002 466 e.
2037 426 2127 466 navi
2164 426 2301 466 urbem

321 499 528 552 relinquit,
560 498 670 538 velut
699 498 884 538 Tibullus
916 499 1056 538 scribit
1084 511 1098 538 1
1121 500 1154 547 7,
1177 498 1231 537 20
1257 499 1391 551 prima
1423 505 1546 536 ratem
1580 499 1700 536 ventis
1736 498 1889 536 credere
1922 500 2036 537 docta
2078 498 2218 551 Tyros,
2256 512 2302 537 ac

321 572 369 611 de
399 585 496 611 voce
526 571 718 624 vocisque
747 571 876 610 forma
904 585 954 610 ne
985 570 1154 619 dubites,
1187 568 1381 620 Catullus,
1414 570 1481 621 qui
1513 584 1547 608 v.
1571 570 1623 608 53
1658 569 1804 608 Thesea
1833 570 1950 608 celeri
1976 584 2062 609 cum
2091 572 2212 611 classe
2241 585 2303 611 ce-

320 645 469 683 dentem
501 643 609 694 dicit,
642 657 675 683 e.
697 655 799 683 LXVI
819 645 873 683 46
901 646 1077 682 iuventus
1106 642 1236 693 inquit
1267 656 1340 694 per
1374 643 1543 681 medium
1577 642 1696 681 classi
1727 641 1898 681 barbara
1931 644 2041 681 navit
2072 643 2201 683 Athon
2234 641 2301 695 (cf.

320 717 424 756 Aen.
444 727 520 756 vm
542 715 629 766 11);
665 716 835 756 alterum
870 715 944 755 hoc
980 721 1040 754 est
1069 720 1345 765 argumentum
1375 713 1481 766 quod
1511 713 1551 753 in
1582 713 1657 753 hoc
1687 727 1868 753 sermone
1898 727 1975 766 quo
2001 715 2161 766 Aegeus
2191 722 2303 767 pater

320 787 449 827 filium
479 787 654 827 Athenis
685 787 736 827 ad
765 787 1029 840 periculosum
1060 786 1261 838 inceptum
1291 785 1609 838 proficiscentem
1636 785 1810 835 dimittit,
1841 784 2088 824 Athenarum
2115 786 2209 826 urbs
2237 788 2303 826 vix

321 860 501 911 potuisse
536 860 693 911 plenius
728 867 796 899 aut
836 858 1038 910 pulchrius
1074 857 1274 908 designari
1313 858 1468 896 videtur
1505 872 1624 909 quam
1660 858 1793 897 verbis
1833 860 1986 897 moenia
2026 859 2153 908 divae,
2190 867 2229 897 et
2269 859 2303 898 si

322 938 457 971 tamen
492 932 607 971 divae
642 930 845 984 epitheton
880 928 1106 969 addendum
1142 935 1237 979 erat,
1276 928 1478 968 definitius
1519 928 1718 981 quoddam
1759 928 1890 981 potius
1931 930 2151 981 exspectari
2183 943 2300 982 quam

322 1012 465 1054 caetae,
497 1018 736 1056 quamquam
765 1018 843 1042 non
875 1003 1102 1052 ignoramus
1132 1002 1383 1054 Propertium
1414 1001 1559 1052 (11120,
1584 1000 1625 1049 7)
1654 1009 1782 1041 caetae
1801 1002 1985 1041 Palladis
2011 1010 2113 1042 artes
2139 1002 2301 1043 dixisse.
2336 1038 2341 1043 .

324 1074 469 1115 Graeci
501 1082 638 1126 poetae
668 1089 756 1114 cum
786 1075 924 1113 urbem
955 1073 1159 1126 appellant
1189 1075 1244 1112 ita
1274 1073 1500 1125 loquuntur,
1532 1073 1760 1126 Aeschylus
1790 1072 1918 1124 (Pers.
1941 1071 2038 1124 345)
2067 1076 2159 1115 θεοὶ
2189 1074 2304 1116 πόλιν

324 1147 488 1201 σῴζουσι
520 1145 734 1194 Παλλάδος
763 1146 884 1198 θεᾶςς
917 1143 1138 1199 Sophocles
1174 1142 1335 1199 (Oedip.
1359 1143 1500 1187 Colon.
1525 1143 1621 1197 107)
1651 1143 1682 1186 ὦ
1710 1149 1889 1200 μεγίστης
1921 1144 2136 1194 Παλλάδος
2164 1146 2303 1189 καλού-

323 1236 440 1271 μεναι
470 1222 608 1260 πασῶν
627 1218 804 1270 Ἀθῆναι
831 1218 1040 1270 τιμιωτάτη
1070 1218 1202 1269 πόλιςς
1235 1219 1449 1271 Euripides
1479 1217 1583 1269 (Ion.
1604 1217 1648 1269 8)
1677 1219 1781 1259 ἔστιν
1808 1218 1887 1270 γὰρ
1917 1217 1986 1259 οἷα
2006 1218 2153 1272 ἄσημος
2167 1217 2303 1271 Ἑλλή-

324 1307 405 1332 νων
434 1291 557 1341 πόλις,
587 1292 651 1343 τῆς
679 1289 945 1341 χρυσολόγχου
978 1289 1192 1336 Παλλάδος
1221 1292 1449 1342 κεκλῃμένης
1481 1305 1618 1330 verum
1647 1290 1796 1330 ibidem
1826 1291 1944 1343 paulo
1974 1298 2065 1343 post
2093 1305 2181 1331 cum
2202 1292 2304 1331 Mer-

325 1364 475 1402 curium
507 1362 654 1414 Apollo
684 1362 740 1401 ita
770 1362 965 1401 allocutus
996 1361 1152 1412 dicitur,
1185 1377 1221 1401 v.
1244 1362 1296 1401 29
1328 1359 1360 1401 ὦ
1390 1361 1560 1411 σύγγον’,
1589 1359 1727 1401 ἐλθών
1755 1361 1854 1402 λαὸν
1883 1363 1938 1408 εἰς
1957 1360 2188 1412 αὗτόχθονα
2207 1365 2304 1403 κλει-

326 1437 405 1474 νῶν
426 1432 634 1485 Ἀθηνῶν·
672 1436 797 1473 οἶσθα
830 1432 908 1485 γὰρ
943 1435 1046 1479 θεᾶς
1076 1433 1209 1479 πόλιν,
1244 1440 1408 1486 apparet
1438 1434 1478 1472 in
1508 1434 1583 1472 hac
1618 1433 1867 1472 Athenarum
1902 1434 2170 1486 appellatione
2206 1436 2304 1474 satis

324 1507 445 1546 fuisse
472 1506 586 1545 deam
608 1506 686 1544 dici
707 1506 817 1545 nullo
839 1505 995 1545 adiecto
1016 1505 1209 1558 epitheto3
1243 1519 1411 1557 cumque
1433 1520 1481 1544 ex
1502 1505 1772 1558 Aristophane
1803 1506 2054 1558 percipiatur,
2087 1507 2303 1546 Athenien-

325 1593 387 1619 ses
410 1579 527 1631 vulgo
550 1578 598 1618 de
618 1592 727 1618 more
747 1576 817 1630 τὴν
842 1576 943 1618 θεὸν
969 1577 1099 1617 dicere
1128 1577 1267 1617 solitos
1289 1591 1377 1617 011111
1390 1575 1572 1631 Ἀθηνᾶν
1591 1577 1762 1630 intelligi
1784 1577 1942 1629 vellent,
1966 1577 2084 1630 velut,
2113 1585 2155 1618 ut
2180 1593 2306 1631 pauca

325 1651 498 1704 exempli
528 1665 649 1692 causa
678 1650 903 1702 afferamus,
935 1649 1069 1704 Equit.
1093 1650 1173 1691 656
1200 1647 1411 1700 εἷναγγέλια
1437 1649 1554 1690 θύειν
1580 1648 1721 1690 ἑκατὸν
1745 1653 1839 1702 βοῦς
1866 1653 1908 1707 τῇ
1933 1652 2035 1704 θεῷ
2066 1652 2148 1692 446
2168 1652 2209 1691 ἐκ
2229 1654 2305 1692 τῶν

324 1722 533 1777 ἀλιτηρίων
560 1727 603 1763 σέ
622 1739 722 1777 φημι
746 1725 953 1772 γεγονέναι
979 1724 1056 1762 τῶν
1077 1724 1141 1774 τῆς
1167 1724 1288 1771 &eom
1320 1723 1400 1762 903
1420 1722 1442 1774 ἡ
1462 1721 1539 1773 γάρ
1567 1721 1664 1768 θεός
1683 1725 1723 1773 μ’
1743 1724 1917 1763 ἐκέλευσε
1938 1726 2093 1776 νικῆσαί
2112 1726 2144 1764 σ’
2160 1722 2304 1771 ἀλαζο-

326 1800 464 1843 νείαις,
494 1797 572 1835 iam
604 1797 662 1835 sic
692 1796 887 1835 rationem
920 1794 1206 1845 concludimus,
1240 1809 1340 1846 quae
1370 1795 1462 1833 libri
1494 1793 1695 1834 Catullum
1727 1796 1936 1847 scripsisse
1966 1803 2163 1835 testantur
2192 1797 2309 1836 classi

325 1884 411 1907 eum
431 1870 584 1907 moem'a
611 1869 725 1907 divae
745 1868 979 1920 linquentem
1002 1874 1167 1918 quatum
1186 1868 1308 1906 ventis
1332 1867 1575 1906 concrederet
1595 1868 1746 1919 Aeyeus
1767 1875 1805 1907 et
1826 1868 2034 1920 scripsisse
2054 1875 2211 1920 poetam
2231 1883 2306 1909 nec

326 1954 444 1992 posse
473 1940 559 1979 fieri
590 1939 686 1992 quin
716 1937 883 1992 pulchra
912 1938 1039 1978 oratio
1070 1937 1318 1977 emendando
1349 1937 1596 1991 depravetur.

525 2011 705 2052 Tertium
721 2010 906 2051 addimus
928 2011 990 2050 cui
1017 2011 1111 2050 item
1133 2024 1155 2049 a
1171 2008 1414 2050 Graecorum
1437 2025 1618 2051 sermone
1640 2011 1788 2064 aliquid
1808 2012 1975 2052 subsidii
1994 2014 2176 2066 petimus.
2205 2011 2307 2053 Sunt

327 2086 449 2123 verba
478 2084 577 2123 haec
606 2084 783 2122 eiusdem
815 2084 1002 2122 carminis

791 2155 973 2208 Iuppiter
1002 2155 1256 2207 omnipotens,
1288 2155 1439 2194 utinam
1467 2168 1514 2194 ne
1544 2162 1713 2208 tempore
1737 2157 1871 2209 primo

793 2228 946 2269 Gnosia
977 2230 1185 2281 Cecropiae
1214 2230 1426 2281 tetiqiseent
1454 2229 1572 2268 litora
1597 2243 1765 2282 puppee,

792 2302 992 2342 Indomito
1020 2316 1090 2341 nec
1118 2303 1210 2342 dira
1227 2302 1366 2354 serem
1395 2303 1592 2356 *stipendia
1621 2310 1735 2342 tauro

792 2375 975 2426 Perfidus
1004 2375 1045 2414 in
1077 2372 1239 2414 Cretam
1269 2375 1471 2427 reliyaeeet
1497 2376 1633 2415 navita
1650 2376 1805 2427 funem,

665 2448 743 2487 175
796 2446 881 2487 Nec
908 2447 1036 2486 malus
1066 2447 1129 2486 hic
1158 2447 1286 2486 celans
1315 2448 1423 2487 dulci
1450 2448 1626 2487 crudelia
1644 2448 1786 2499 forma

790 2519 964 2559 Consilia
992 2521 1036 2558 in
1063 2521 1209 2559 nostrie
1237 2522 1448 2571 requiesset
1474 2520 1629 2559 sedibus
1658 2520 1807 2573 hospes.

329 2591 392 2632 De
424 2607 459 2631 v.
485 2592 563 2631 174
593 2591 790 2643 agendum
821 2598 892 2643 est,
924 2592 964 2631 in
996 2606 1072 2645 quo
1101 2593 1145 2631 in
1166 2591 1318 2632 Cretam
1344 2599 1385 2631 ut
1412 2606 1532 2645 supra
1553 2592 1784 2645 scripsimus
1806 2590 2162 2645 Sangermanensis
2184 2592 2308 2633 codex

330 2678 419 2704 cum
457 2664 674 2717 plerisque,
710 2666 752 2704 in
782 2663 894 2705 Creta
925 2663 1170 2704 Oxoniensis
1207 2678 1294 2703 cum
1332 2665 1541 2717 perpaucis
1572 2664 1750 2716 exhibet3
1788 2679 1887 2718 quae
1917 2671 1978 2704 est
2007 2666 2160 2705 minuta
2189 2666 2309 2718 scrip-

329 2744 441 2776 turae
463 2736 698 2787 differentia,
720 2750 798 2775 non
821 2736 943 2788 digna
963 2750 1063 2788 quae
1085 2736 1134 2775 ad
1155 2736 1346 2776 librorum
1374 2738 1649 2776 auctoritatem
1671 2737 1879 2787 referatur3
1910 2738 2031 2776 immo
2052 2738 2130 2777 nisi
2151 2737 2310 2777 aliunde

329 2808 426 2861 quid
448 2822 584 2847 verum
616 2809 668 2847 sit
697 2808 961 2848 demonstrari
990 2814 1134 2861 potest,
1166 2809 1245 2848 ista
1274 2822 1347 2848 nos
1379 2808 1647 2861 discrepantia
1667 2824 1804 2862 parum
1825 2809 2043 2849 adiuvabit.
2088 2810 2213 2862 Atqui
2233 2809 2309 2849 hoc

330 2881 497 2920 mirifice
533 2879 678 2918 accidit
714 2880 819 2932 quod
855 2881 1094 2920 vetustiores
1130 2880 1321 2930 editores,
1360 2894 1459 2932 quos
1490 2880 1648 2933 quidem
1680 2881 1945 2933 inspeximus,
1983 2895 2120 2921 omnes
2149 2883 2192 2920 in
2221 2880 2310 2921 Cre-

330 2961 412 2992 tam
446 2951 674 3000 ediderunt,
712 2952 953 2992 recentiores
989 2952 1168 3004 plerique
1199 2954 1241 2991 in
1272 2952 1405 2999 Creta,·
1439 2967 1540 2992 unus
1570 2952 1853 2992 Lachmannus
1889 2953 2062 2992 servavit
2089 2955 2132 2992 in
2160 2952 2311 2993 Cretam

329 3038 500 3077 eumque
530 3029 689 3064 secutus
714 3023 915 3077 Hauptius
946 3031 984 3064 et
1014 3024 1079 3077 qui
1108 3024 1273 3077 Hauptii
1301 3023 1503 3064 Catullum
1534 3031 1624 3077 post
1653 3024 1815 3065 editoris
1843 3025 1995 3065 obitum
2024 3025 2084 3065 bis
2106 3026 2183 3065 iam
2204 3039 2311 3065 reco-

331 3098 480 3149 gnovit.
526 3096 590 3137 Illi
623 3095 777 3149 antiqui
807 3095 977 3137 editores
1010 3097 1253 3150 plerumque,
1287 3104 1329 3136 ut
1357 3097 1516 3149 assolet,
1549 3098 1659 3137 taciti
1690 3097 1791 3137 hanc
1813 3111 1930 3150 quam
1953 3105 2171 3151 sequuntur
2191 3098 2311 3151 scrip-
