2652 3396
1302 183 1354 221 10

796 289 904 330 Nam
931 289 1135 344 perhibent
1165 291 1257 330 olim
1286 291 1437 331 erudeli
1461 298 1566 345 peste
1595 298 1766 330 coactam

798 363 1103 414 Androqeoneae
1128 377 1279 415 poenae
1308 365 1500 403 exsolve-re
1529 365 1658 402 caedis

796 433 948 472 Eiectos
975 435 1133 473 iuvenes
1162 435 1281 474 simul
1308 443 1344 474 et
1371 436 1485 474 decue
1512 436 1770 486 innuptarum

793 504 1022 558 Cecropiam
1050 506 1236 546 solitam
1265 521 1360 547 esee
1388 508 1529 560 dapem
1557 506 1653 545 dare
1684 506 1927 546 Minotauro.

685 578 738 617 80
797 576 895 626 Quis
924 585 1092 631 anqueta
1121 579 1237 618 malie
1267 593 1354 618 eum
1381 580 1534 618 moenia
1562 587 1807 628 vexarentur,

793 649 883 702 Ipse
913 664 1027 689 suum
1061 650 1228 691 Theseus
1255 666 1329 704 pro
1360 653 1463 691 carie
1493 664 1634 703 corpue
1663 650 1825 690 Athenis

791 722 994 762 Proiicere
1023 725 1174 776 optavit
1199 726 1331 776 potius
1361 738 1478 776 quam
1506 723 1604 763 talia
1634 722 1785 763 Oratam

790 794 949 834 Funera
980 794 1190 849 Cecropiae
1217 810 1287 836 nec
1303 795 1455 848 funera
1478 802 1745 849 portarentur.

791 867 919 917 Atque
946 869 1004 905 ita
1031 882 1132 906 nave
1160 869 1237 907 levi
1262 871 1387 907 nitens
1416 883 1463 906 ac
1491 868 1641 906 lenibue
1669 869 1779 906 auris

681 938 734 976 85
792 938 1094 989 Maynanimum
1123 941 1177 978 ad
1206 941 1344 979 Minoa
1371 941 1473 979 venit
1499 940 1680 991 sedesque
1707 938 1906 991 superbas,

328 1009 562 1061 intelligitur
592 1006 795 1049 Catullum
826 1024 913 1050 eam
942 1009 1101 1051 fabulae
1132 1011 1298 1051 formam
1329 1011 1584 1065 expressisse,
1617 1024 1705 1064 qua,
1738 1010 1817 1050 iam
1845 1010 1967 1050 semel
1989 1017 2027 1048 et
2048 1010 2191 1048 iterum
2213 1008 2307 1047 flore

326 1081 402 1120 isto
423 1095 631 1134 puerorum
653 1082 953 1134 puellarumque
975 1081 1140 1123 Cretam
1170 1085 1303 1132 misso,
1335 1092 1417 1122 tum
1439 1083 1595 1122 demum
1617 1083 1797 1123 Theseus
1819 1083 2029 1122 consilium
2050 1083 2134 1134 ipse
2155 1082 2307 1133 cepisse

324 1153 523 1193 ferebatur
543 1154 715 1193 adeundi
731 1154 1003 1194 Minotaurum
1026 1170 1196 1208 eumque
1217 1157 1250 1195 si
1272 1157 1355 1195 fieri
1375 1162 1509 1208 posset
1530 1155 1799 1194 interimendi:
1823 1169 1900 1207 quo
1922 1154 2039 1194 modo
2060 1153 2247 1202 fabulam,
2266 1161 2308 1192 ut

324 1226 527 1266 mittamus
557 1226 669 1277 alios,
702 1226 939 1267 Plutarchus
959 1227 1114 1267 rettulit
1135 1228 1203 1268 vit.
1222 1227 1340 1268 Thes.
1364 1242 1395 1268 c.
1416 1228 1477 1268 17.
1517 1227 1607 1267 Hoc
1628 1228 1660 1267 si
1683 1233 1875 1278 tenemus,
1907 1226 2012 1279 quod
2034 1226 2185 1279 liquido
2206 1225 2306 1265 indi-

323 1304 434 1336 catur
453 1299 587 1337 verbis
608 1298 695 1349 (79)
716 1300 904 1338 solitam
924 1313 1019 1339 esee
1039 1301 1180 1353 dapem
1200 1302 1295 1339 dare
1314 1301 1383 1349 M.,
1406 1307 1445 1339 et
1465 1301 1497 1339 si
1520 1298 1722 1339 Catullum
1744 1300 1925 1339 volumus
1946 1299 2025 1338 eibi
2042 1300 2306 1338 convenientia

321 1371 482 1421 fingere,
514 1371 592 1410 iam
623 1378 803 1423 apertum
833 1378 904 1422 est,
938 1372 1138 1425 quodnam
1164 1380 1312 1426 tempus
1326 1374 1502 1426 primum
1522 1372 1700 1412 Ariadne
1720 1369 1836 1422 (171)
1858 1371 2013 1422 dixerit,
2046 1378 2086 1410 et
2105 1370 2208 1410 hanc
2228 1370 2303 1423 pri-

321 1457 426 1482 mam
457 1442 541 1483 eius
573 1443 891 1495 deprecationem
921 1446 1074 1484 utinam
1102 1459 1150 1484 ne
1179 1452 1347 1498 tempore
1372 1448 1502 1498 primo
1537 1465 1582 1471 --
1617 1445 1713 1485 satis
1750 1444 1959 1497 perspicuo
1991 1443 2221 1483 discrimine
2252 1443 2302 1481 ab

320 1513 492 1554 adventu
516 1514 659 1555 Thesei
691 1515 911 1555 seiunctam
943 1530 1043 1556 esse.
1090 1516 1153 1555 De
1183 1516 1308 1556 altera
1337 1523 1376 1555 et
1404 1517 1521 1555 tertia
1543 1516 1745 1555 Ariadnae
1775 1516 1997 1564 devotione,
2030 1529 2130 1567 quae
2160 1516 2302 1554 ambae
2364 1550 2366 1552 ,

320 1586 474 1625 Thesea
504 1588 634 1639 ipsum
664 1589 852 1638 attinent,
898 1602 972 1627 nos
1003 1590 1060 1628 ita
1089 1589 1322 1638 iudicamus,
1360 1596 1402 1627 ut
1430 1588 1684 1640 profectionis
1716 1589 1925 1627 consilium
1957 1595 1996 1627 et
2024 1587 2239 1627 adventum
2261 1587 2301 1626 in

320 1657 481 1698 Cretam
512 1668 714 1712 tamquam
744 1675 808 1700 res
840 1660 938 1700 duas
968 1661 1073 1700 inter
1104 1675 1146 1701 se
1177 1661 1368 1712 distingui
1397 1661 1650 1710 arbitremur3
1682 1660 1786 1714 quod
1818 1659 1983 1700 suadere
2011 1659 2300 1713 progredientis

318 1730 609 1784 deprecationis
645 1733 744 1772 ratio
775 1732 942 1782 videtur,
975 1742 1014 1773 et
1044 1733 1112 1786 qui
1143 1747 1189 1773 ea
1219 1747 1319 1786 quae
1354 1733 1469 1773 modo
1499 1747 1546 1773 ex
1578 1733 1779 1786 superiore
1809 1738 1921 1785 parte
1951 1732 2139 1772 carminis
2171 1731 2300 1771 attuli-

316 1817 403 1843 mus
424 1804 618 1844 intentius
639 1805 963 1856 consideraverit,
995 1805 1179 1858 inprimis
1211 1820 1246 1844 v.
1270 1806 1333 1845 74.
1358 1807 1424 1856 753
1453 1807 1518 1845 84.
1540 1806 1606 1854 85,
1639 1805 1835 1855 intelliget
1864 1805 1965 1843 nihil
1985 1805 2101 1843 facile
2123 1805 2299 1855 potuisse

316 1877 440 1915 menti
475 1878 653 1929 morique
684 1875 833 1916 Catulli
869 1878 1171 1916 convenientius
1207 1892 1294 1917 esse
1324 1892 1441 1929 quam
1471 1893 1495 1916 a
1525 1877 1679 1917 Theseo
1709 1878 1785 1916 iter
1814 1883 2042 1929 susceptum
2074 1877 2151 1916 isto
2181 1875 2298 1915 modo

315 1948 357 1987 in
378 1949 475 1989 duas
497 1951 610 2002 quasi
633 1957 764 2001 partes
786 1950 1001 2002 dispertiri.
1046 1949 1189 2002 Itaque
1209 1949 1248 1988 hi
1276 1956 1355 1989 tres
1381 1949 1525 2001 gradus
1546 1949 1833 1990 exsecrationis
1855 1948 2081 1989 Ariadneae
2102 1947 2298 2001 prodeunt

315 2033 466 2074 suoque
497 2035 538 2062 se
567 2021 706 2061 ordine
737 2022 952 2075 excipiunt.

514 2093 678 2134 Utinam
708 2109 757 2133 ne
787 2095 915 2147 primo
946 2101 1123 2147 tempore
1153 2092 1246 2144 (hoc
1276 2100 1337 2133 est
1366 2108 1441 2146 quo
1471 2101 1647 2147 tempore
1677 2095 1848 2146 primum
1869 2093 2138 2133 Athenienses
2169 2093 2314 2139 coactiv

314 2167 539 2206 Minotauro
569 2167 762 2206 tributum
787 2167 917 2206 facere
947 2180 1071 2206 naves
1099 2166 1139 2204 in
1163 2164 1325 2206 Cretam
1351 2164 1561 2217 miserunt)
1581 2164 1800 2218 Cecropiae
1828 2179 1978 2218 puppes
2000 2164 2153 2205 Gnosia
2179 2165 2296 2205 litora

313 2236 603 2290 attigissent*)3
632 2253 725 2278 nam
747 2238 820 2277 hoc
841 2239 999 2278 initium
1027 2238 1060 2277 si
1087 2251 1304 2290 numquam
1333 2236 1481 2276 factum
1510 2244 1627 2288 esset,
1660 2252 1709 2277 ne
1729 2237 1882 2290 reliqua
1902 2236 2061 2290 quidem
2083 2244 2295 2277 consecuta

313 2317 466 2359 essent3
498 2311 568 2348 sed
598 2325 688 2349 cum
718 2311 841 2349 semel
870 2310 970 2348 illud
1000 2311 1144 2360 evenit,
1175 2310 1307 2360 pergit
1335 2310 1499 2360 precari,
1532 2311 1683 2349 utinam
1713 2324 1763 2348 ne
1793 2311 1868 2349 iste
1897 2310 2149 2361 potissimum
2178 2311 2294 2362 perfi-

313 2383 385 2421 dus
416 2390 537 2420 nauta
567 2382 742 2431 (Thesea
771 2379 885 2431 dicit)
923 2382 1053 2421 soluta
1088 2382 1179 2421 navi
1215 2381 1384 2421 Athenis
1414 2381 1611 2433 profectus
1647 2387 1753 2421 esset
1783 2378 1945 2421 Cretam
1976 2380 2169 2433 petiturus
2200 2380 2292 2433 (hoc

312 2453 417 2493 enim
448 2467 595 2493 novum
627 2460 726 2504 erat,
764 2452 870 2506 quod
905 2453 974 2493 illo
1009 2453 1114 2493 facto
1149 2452 1237 2493 fieri
1272 2465 1436 2492 necesse
1471 2466 1547 2492 non
1580 2458 1679 2503 erat3
1717 2460 1757 2491 et
1786 2452 1861 2491 hoc
1891 2453 1924 2491 si
1955 2465 2035 2491 non
2065 2453 2288 2504 accidisset,

310 2524 421 2564 nulla
450 2532 535 2564 erat
560 2524 764 2564 Ariadnae
794 2522 1034 2576 calamitas);
1067 2524 1240 2577 denique
1270 2524 1513 2576 profectione
1544 2538 1663 2576 quam
1690 2524 1911 2562 devovebat
1938 2530 2108 2574 peracta,
2141 2525 2290 2562 utinam

310 2612 359 2636 ne
380 2598 508 2636 malus
529 2597 607 2647 ille,
639 2603 835 2650 precatur,
867 2597 1043 2635 crudelia
1073 2597 1241 2636 consilia
1270 2596 1409 2635 fovens
1441 2597 1482 2634 in
1511 2597 1657 2635 nostris
1693 2596 1854 2635 sedibus
1887 2596 2031 2648 hospes
2052 2596 2288 2647 requiesset3

309 2684 402 2708 nam
429 2669 523 2708 hinc
548 2669 706 2708 demum
728 2684 820 2708 vere
841 2676 935 2708 nata
955 2675 1015 2708 est
1035 2669 1112 2708 ista
1132 2668 1296 2708 miseria
1324 2682 1403 2720 qua
1432 2682 1536 2707 nunc
1566 2668 1737 2717 laborat3
1771 2668 1881 2707 cuius
1903 2681 2044 2707 causas
2066 2668 2289 2720 superiores

505 2867 538 2908 *)
567 2868 648 2900 Cum
679 2866 794 2899 verbis
824 2866 954 2899 Catulli
984 2867 1103 2899 utinam
1132 2877 1169 2898 ne
1196 2871 1332 2909 tempore
1357 2866 1459 2908 primo
1488 2865 1607 2897 Gnosia
1636 2865 1805 2908 Cecropiae
1840 2865 2007 2907 tetc'ye'ssent
2045 2865 2137 2898 litora
2170 2877 2289 2909 puppes

308 2927 504 2959 Macrobius
530 2928 601 2959 Sat.
614 2935 651 2959 vi
670 2927 750 2965 1‚42
775 2926 923 2968 Vergilii
947 2936 1069 2958 versus
1096 2926 1198 2966 (Aen.
1214 2934 1253 2957 1v
1269 2926 1348 2964 657)
1373 2925 1565 2965 composuit

838 2987 939 3025 Felix,
964 2987 1021 3020 heu
1044 2987 1174 3020 nimium
1191 2985 1288 3029 felix,
1313 2987 1342 3018 si
1364 2986 1458 3019 litora
1481 2991 1599 3019 tantum

836 3046 1015 3091 Numquam
1038 3046 1227 3079 Dardaniae
1251 3047 1420 3089 tetiyissent
1442 3052 1549 3077 nostra
1572 3047 1702 3077 carinae
1709 3058 1718 3082 3

307 3112 343 3139 et
367 3108 451 3138 haec
474 3118 606 3147 quoque
631 3108 844 3148 comparatio
868 3118 929 3139 nos
954 3108 1096 3140 adiuvat
1120 3113 1159 3139 ut
1182 3107 1309 3140 Catulli
1336 3117 1457 3139 versus
1483 3113 1577 3139 recte
1603 3106 1851 3147 intelligamus.
