2652 3396
1285 68 1335 109 15

846 182 1011 221 Aurora
1040 183 1232 221 exoriente
1260 183 1354 234 vayi
1380 179 1449 220 sub
1480 180 1618 220 limina
1646 179 1753 230 eolis,

853 252 962 303 Quae
991 254 1102 293 tarde
1127 256 1301 307 primum
1330 254 1506 293 clementi
1520 254 1685 305 flamine
1711 254 1850 306 pulsae

847 325 1086 378 Procedant,
1117 326 1334 379 leviterque
1365 332 1509 365 sonant
1532 325 1728 378 planqore
1756 326 1950 374 cachinni,

845 399 944 437 Post
973 406 1082 438 vento
1113 406 1298 438 crescente
1326 401 1452 451 Μαρία
1481 400 1609 451 maqis
1637 398 1901 437 increbescunt

711 472 790 509 275
847 472 1139 523 Purpureaque
1166 472 1307 523 procul
1334 479 1470 509 nantes
1500 469 1548 508 ab
1580 470 1662 508 luce
1689 470 1895 522 refulgent,

845 541 914 581 Sic
944 550 1025 581 tum
1054 542 1235 582 vestibuli
1262 543 1477 595 linquentes
1505 542 1614 595 reqia
1644 548 1741 581 tecta

845 614 911 654 Ad
939 628 978 654 ee
1008 615 1173 668 quisque
1200 628 1297 668 vasso
1321 616 1477 669 passim
1503 613 1602 667 pede
1631 613 1887 653 discedebant.

316 686 537 726 Dicendum
568 687 683 727 nobis
714 694 774 727 est
804 687 852 726 de
883 701 1000 728 versu
1029 687 1122 738 273,
1153 688 1193 726 in
1224 701 1301 740 quo
1331 688 1372 726 in
1394 685 1730 739 Sangermanensi
1757 686 1891 725 codice
1927 687 2146 738 ceterisque
2175 687 2289 725 bonis

313 759 427 800 libris
463 759 653 813 scriptum
689 765 750 800 est
785 759 916 799 leviter
949 767 1090 799 sonant
1117 774 1206 813 με.
1265 757 1382 808 Quod
1418 759 1513 812 quia
1548 759 1733 798 vitiosum
1766 766 1861 806 erat,
1900 765 2118 798 correctum
2149 767 2208 798 est
2238 760 2288 798 ab

311 831 436 883 Italis,
469 832 552 872 Sive
583 833 661 872 leni
687 839 872 872 resonant
897 833 1088 885 planyore
1123 833 1206 871 sive
1242 833 1373 871 leviter
1399 840 1584 871 resonant
1617 832 1929 871 restituentibus.
1987 831 2034 871 In
2065 831 2286 872 Oxoniensi

311 911 442 944 autem
464 905 678 957 paucisque
708 905 797 944 aliis
828 910 1033 944 exaratum
1066 912 1126 944 est
1155 905 1361 957 leviterque
1389 912 1540 945 sonant.
1591 903 1644 944 Et
1664 903 1767 943 hanc
1787 904 1914 957 ipsam
1935 904 2169 956 scripturam
2191 903 2285 944 olim

311 978 462 1028 antiqui
484 977 666 1027 editores,
699 976 934 1026 Beroaldus,
957 975 1170 1028 Guarinus,
1201 977 1392 1027 Muretus,
1424 977 1607 1017 Achilles
1629 974 1793 1024 Statius,
1825 976 1904 1025 alii,
1938 977 2194 1028 vulgaverunt
2217 984 2285 1015 aut

310 1048 543 1100 probarunt3
566 1062 730 1101 eamque
752 1048 927 1087 servavit
947 1048 1065 1087 etiam
1083 1046 1296 1099 Graevius3
1318 1056 1466 1101 postea,
1489 1049 1531 1087 ni
1550 1048 1725 1086 fallimur
1745 1048 1822 1086 iam
1845 1048 1938 1086 inde
1959 1062 1981 1086 a
2002 1048 2170 1099 Iosepho
2192 1046 2283 1086 Sca-

308 1120 442 1172 ligero,
476 1121 555 1160 leni
579 1128 764 1159 resonant
783 1120 846 1158 edi
868 1120 1107 1170 maluerunt3
1140 1134 1305 1172 eamque
1329 1120 1495 1159 formam
1518 1134 1588 1172 per
1608 1120 1752 1158 multas
1774 1134 1910 1159 rursus
1931 1119 2123 1159 editiones
2145 1134 2282 1172 propa-

306 1200 438 1243 gatam
459 1193 740 1232 Lachmannus
770 1206 927 1244 quoque
956 1192 1035 1231 fide
1065 1192 1213 1232 codicis
1235 1190 1442 1232 Cuiaciani
1463 1207 1486 1232 a
1505 1189 1708 1243 Scaligero
1731 1191 1910 1242 exhibiti,
1933 1205 2170 1245 quamquam
2193 1207 2280 1232 eum

305 1279 383 1304 non
420 1265 618 1305 sincerum
656 1264 769 1316 dicit,
814 1265 965 1318 recepit
998 1264 1252 1318 Hauptioque
1282 1264 1475 1317 probavit.
1535 1261 1613 1303 Sed
1644 1271 1901 1316 posteaquam
1933 1263 1980 1304 R.
2003 1263 2136 1303 Ellisii
2167 1265 2280 1303 bene-

303 1336 438 1377 ficium
458 1336 730 1378 oxoniensem
760 1337 905 1377 librum
935 1351 984 1377 ex
1013 1338 1188 1377 tenebris
1218 1338 1260 1376 in
1288 1337 1416 1376 lucem
1448 1337 1730 1388 doctorumque
1761 1337 1965 1375 hominum
1996 1351 2109 1376 usum
2136 1338 2278 1387 attulit,

306 1423 544 1463 quamquam
581 1410 686 1462 quod
721 1410 787 1449 ille
823 1410 988 1463 praebet
1022 1410 1142 1449 etiam
1177 1415 1268 1449 ante
1304 1424 1351 1449 ex
1387 1409 1475 1449 aliis
1511 1409 1715 1449 codicibus
1754 1416 1892 1448 notum
1921 1423 1994 1448 nec
2023 1409 2279 1449 Lachmanno

303 1482 591 1535 incompertum
614 1487 708 1532 erat,
740 1482 853 1521 multi
884 1481 1055 1522 editores
1085 1481 1202 1521 huius
1232 1482 1477 1521 auctoritatis
1505 1481 1653 1521 fiducia
1681 1481 1784 1532 freti,
1817 1480 1922 1534 quod
1952 1481 2046 1521 olim
2070 1482 2185 1533 vulgo
2207 1483 2278 1521 cir·

303 1554 605 1602 cumferebatur,
635 1555 844 1606 leviterque
862 1562 1016 1603 sonant,
1048 1552 1207 1594 Catullo
1228 1553 1472 1593 reddendum
1499 1554 1574 1593 sibi
1596 1561 1890 1606 persuaserunt,
1922 1554 2139 1594 orationem
2161 1555 2277 1594 istam

301 1627 463 1679 insuper
484 1623 658 1665 Senecae
680 1640 807 1676 versu,
831 1633 870 1665 et
889 1627 977 1679 ipso
998 1627 1075 1665 iam
1098 1626 1319 1678 antiquitus
1341 1626 1476 1677 ascito,
1500 1625 1548 1665 de
1569 1627 1871 1677 Agamemnone
1892 1626 1974 1667 680
1994 1627 2081 1665 licet
2100 1627 2277 1679 alcyones

302 1698 427 1751 Ceyca
461 1713 574 1737 suum
596 1699 723 1749 fluctu
757 1698 889 1737 leviter
919 1698 1128 1751 planyente
1161 1705 1297 1738 sonent
1332 1697 1554 1737 confirmari
1591 1698 1784 1736 arbitrati.
1843 1697 1906 1737 Ita
1936 1697 2159 1737 iudicarunt
2189 1707 2276 1750 post

301 1770 586 1811 Baehrensium
609 1768 850 1809 oxoniensis
871 1770 962 1809 libri
982 1769 1227 1809 laudatorem
1249 1768 1496 1820 Schwabius,
1521 1768 1742 1821 Schulzius,
1765 1769 2004 1820 Postgatius.
2048 1771 2130 1809 Alii
2152 1771 2274 1810 nihilo

299 1844 428 1883 secius
450 1849 588 1882 contra
608 1850 828 1894 senserunt,
860 1843 1024 1882 Ellisius
1055 1843 1187 1882 leviter
1205 1851 1390 1883 resonant
1418 1842 1670 1882 scribendum
1701 1849 1822 1893 ratus,
1855 1843 2007 1896 lenique
2025 1851 2166 1883 sonant
2185 1858 2272 1883 cum

299 1914 330 1953 F
333 1914 551 1954 roehlichio
577 1914 751 1963 Riesius,
782 1913 1026 1954 Schmidtius
1057 1915 1158 1954 lenes
1186 1923 1371 1954 resonant
1392 1946 1400 1953 .
1422 1945 1431 1953 .
1455 1915 1646 1954 cachinni.
1695 1917 1758 1954 Ac
1787 1929 1923 1955 rursus
1954 1923 2118 1968 apparet
2139 1917 2176 1954 in
2199 1916 2272 1955 hoc

300 1986 482 2026 dissensu
503 1986 707 2026 doctorum
729 2000 847 2039 quam
878 1986 1038 2025 difficile
1068 1987 1121 2026 sit
1150 1987 1190 2025 in
1221 1986 1283 2026 his
1314 1987 1615 2038 quaestionibus
1637 1984 1876 2026 Catullianis
1902 2001 2081 2026 normam
2102 1988 2269 2027 inveniri

298 2072 375 2110 qua
413 2073 551 2097 norma
587 2059 777 2097 iudicium
813 2065 981 2109 regatur.
1041 2059 1124 2098 Nos
1163 2059 1202 2097 in
1240 2057 1388 2098 Catulli
1423 2058 1642 2111 Hauptiani
1681 2058 1974 2111 exemplaribus
2009 2074 2043 2099 a.
2080 2060 2182 2100 1885
2212 2075 2269 2100 re-

297 2131 467 2182 cognitis
498 2131 537 2170 id
569 2130 674 2184 quod
705 2131 799 2170 olim
831 2131 1067 2183 vulgabatur
1095 2131 1417 2178 instauravimus,
1448 2131 1656 2183 leviterque
1685 2138 1826 2170 sonant
1846 2132 2041 2184 planqore
2075 2133 2266 2181 cachinni,

297 2217 375 2242 non
406 2210 486 2243 tam
517 2203 761 2244 Oxoniensis
795 2204 888 2243 libri
923 2204 1003 2243 fide
1037 2205 1146 2255 moti,
1184 2217 1283 2256 quae
1320 2218 1411 2242 suas
1447 2203 1639 2255 quasdam
1676 2205 1879 2244 cautiones
1909 2204 2038 2254 habet,
2076 2205 2145 2244 sed
2175 2206 2269 2258 quia

296 2275 411 2314 nobis
430 2276 652 2326 intelligere
684 2276 915 2314 videbamur
945 2276 1085 2314 vitium
1115 2276 1219 2327 quod
1249 2282 1310 2315 est
1338 2276 1376 2314 in
1400 2273 1735 2327 Sangermanensi
1757 2277 1978 2329 ceterisque
2005 2277 2117 2316 bonis
2139 2277 2264 2328 libris,

295 2348 427 2386 leviter
455 2355 608 2397 sonant,
639 2362 718 2387 non
749 2362 866 2400 posse
895 2354 964 2387 aut
992 2348 1120 2388 lenius
1150 2354 1218 2387 aut
1247 2347 1503 2388 verisimilius
1533 2347 1618 2387 tolli
1650 2361 1767 2401 quam
1798 2347 1933 2387 addita
1954 2348 2144 2401 particula
2164 2362 2264 2401 quae

293 2424 373 2458 tam
404 2419 520 2459 facile
550 2420 703 2459 incuria
732 2420 937 2472 praeteriri
967 2426 1098 2473 potest
1127 2433 1245 2473 quam
1277 2426 1383 2460 certo
1413 2420 1568 2459 restitui
1598 2430 1722 2459 metro
1743 2421 1971 2472 praesertim
1993 2427 2179 2472 poscente
2202 2422 2265 2461 vel

294 2491 479 2542 patiente.
538 2491 677 2543 Itaque
709 2505 740 2530 c.
762 2503 890 2532 XXXIV
913 2493 962 2531 12
994 2505 1082 2530 cum
1113 2490 1296 2531 Catullus
1326 2493 1529 2544 scripserit
1558 2493 1800 2544 saltuumque
1818 2494 2103 2531 reconditorum
2123 2495 2263 2533 Amni-

293 2575 433 2613 umque
451 2570 658 2602 sonantum
679 2561 1035 2614 Sangermanensis
1056 2563 1183 2603 codex
1213 2565 1384 2603 omnium
1403 2572 1620 2614 sonantum,
1653 2562 1893 2603 Oxoniensis
1915 2565 2160 2616 omniumque
2179 2579 2260 2604 eon.

291 2633 455 2672 tradidit
484 2634 621 2673 addita
655 2635 849 2686 particula
883 2649 982 2687 quae
1018 2643 1078 2675 est
1111 2636 1230 2675 etiam
1266 2636 1307 2675 in
1336 2636 1584 2675 Lachmanni
1622 2634 1862 2675 Santeniano
1892 2649 1915 2674 a
1944 2643 2165 2676 correctore
2196 2638 2261 2676 ad-

290 2704 404 2743 iecta.
463 2702 543 2743 Sed
573 2704 679 2743 idem
700 2704 954 2756 Oxoniensis,
987 2707 1054 2758 qui
1084 2706 1150 2746 hic
1179 2707 1284 2759 quod
1314 2708 1475 2759 propius
1506 2720 1640 2745 verum
1671 2713 1754 2744 erat
1784 2708 1967 2756 servavit,
2001 2721 2034 2746 c.
2055 2720 2187 2749 vam
2208 2712 2261 2749 93

288 2776 574 2829 iocundumque
594 2777 720 2816 lumen
740 2776 840 2817 falso
861 2778 1051 2818 insertam
1073 2778 1239 2817 eandem
1269 2778 1501 2831 particulam
1531 2777 1705 2829 praebet.
1753 2777 1800 2816 In
1822 2785 1957 2816 nostro
1978 2793 2094 2818 versu
2117 2781 2261 2821 mirum

289 2862 367 2886 non
398 2854 493 2897 erat,
525 2849 566 2887 in
596 2857 676 2887 tam
707 2856 841 2901 aperto
873 2851 968 2890 vitio
998 2858 1038 2890 et
1066 2851 1172 2903 quod
1201 2865 1385 2890 mensura
1414 2864 1550 2889 versus
1580 2849 1854 2902 patefaciebat,
1886 2850 1991 2890 idem
2022 2852 2128 2905 quod
2154 2864 2260 2895 recte

288 2919 477 2971 scriptum
514 2926 575 2959 est
609 2921 649 2959 in
680 2919 901 2961 Oxoniensi
938 2922 1037 2962 alios
1072 2923 1194 2962 libros
1232 2936 1310 2961 non
1345 2935 1491 2974 paucos
1526 2927 1675 2972 tenere,
1713 2935 1878 2974 quorum
1914 2924 2173 2975 testimoniis,
2212 2942 2260 2966 ne

288 2991 452 3031 nimium
475 2988 696 3031 Oxoniensi
726 2992 932 3045 tribuatur,
965 2993 1112 3033 dudum
1142 2993 1216 3033 hoc
1247 2993 1351 3046 quod
1381 2994 1480 3032 ratio
1513 3007 1644 3032 verum
1677 3007 1764 3033 esse
1794 2996 2073 3047 persuadebat,
2104 3000 2257 3037 restitui
