2652 3396
1295 87 1320 127 5

322 201 504 254 spatium.
550 197 629 240 Sed
660 198 841 238 homines
873 197 981 237 docti
1008 197 1139 251 specie
1160 210 1203 237 se
1223 196 1357 237 induci
1388 197 1602 250 patiuntur,
1634 204 1674 236 et
1696 198 1789 250 quia
1819 199 2031 236 comminus
2051 197 2190 236 dicunt
2210 210 2297 236 esse

319 274 362 311 in
390 273 460 311 der
478 271 603 321 ΝᾶΙιε,
636 271 711 309 1100
732 270 780 309 de
802 270 1007 308 vicinitate
1038 270 1114 308 loci
1144 270 1355 321 accipiunt,
1388 270 1449 308 cui
1480 270 1662 321 opposita
1688 270 1740 308 sit
1759 277 1910 308 remota
1930 270 2050 320 regio,
2083 277 2122 307 et
2142 270 2219 308 sibi
2241 270 2296 307 vi-

320 345 463 384 dentur
492 343 714 394 intelligere
743 342 823 381 nah
851 343 934 381 und
950 342 1064 393 fern,
1095 344 1137 381 in
1167 343 1236 381 der
1253 341 1370 381 Ndhe
1399 343 1481 381 und
1499 342 1635 381 Ferae.
1681 343 1738 381 At
1767 356 1851 381 eam
1881 341 2117 380 sententiam
2140 342 2295 380 commi-

316 431 390 456 nus
410 430 487 457 non
510 415 646 466 babet,
678 427 797 467 quam
827 427 922 454 vero
952 413 1083 465 habet,
1116 428 1163 454 ea-
1182 414 1232 454 ab
1253 413 1328 453 11οο
1353 414 1439 453 1000
1460 413 1662 464 abhorret,
1695 420 1773 452 tam
1806 413 1936 452 hercle
1967 427 2085 466 quam
2118 414 2294 465 ineptum

316 495 432 538 esset,
465 489 499 527 si
519 488 607 538 quis
640 486 790 524 diceret
819 487 955 537 pinum
987 487 1250 536 exturbatam,
1282 486 1376 524 dum
1405 501 1531 538 prona
1556 485 1725 534 caderet,
1757 486 1939 537 frangere
1966 487 2086 525 obvia
2106 501 2181 525 von
2206 489 2295 526 wei-

316 569 388 601 tem
408 561 490 600 und
508 573 579 599 aus
594 559 664 598 der
679 558 804 598 Ndhe.
842 555 1001 598 Satisne
1024 557 1247 598 videbimur
1269 556 1420 598 dixisse
1437 556 1485 598 de
1506 556 1581 598 1130
1602 557 1824 610 scriptura?
1860 557 1975 599 nobis
1996 557 2156 611 quidem
2177 557 2293 611 paulo

318 631 437 672 etiam
468 629 557 685 plus
588 642 707 684 quam
737 629 847 669 satis.

513 702 658 741 Tribus
680 702 829 740 criticis
851 702 1120 740 editoribusve
1141 702 1323 752 inprimis
1344 703 1483 751 acutis,
1506 702 1631 751 Birto,
1651 700 1875 750 Schwabio,
1899 702 2046 750 Riesio,
2070 702 2294 753 perplacuit

314 777 413 815 haec
443 775 633 815 orationis
655 774 913 813 conformatio
934 775 984 814 ab
1005 774 1102 826 ipsis
1120 788 1298 814 seorsum
1313 781 1469 826 reperta
1483 774 1553 814 illa
1566 773 1708 827 procul
1720 773 1921 814 radicibus
1936 773 2138 814 exturbata
2156 773 2293 814 Prona

313 848 419 887 cadit
446 847 596 899 lateque
624 846 779 885 ruinis
808 845 995 894 (ruineis)
1025 845 1139 885 obvia
1156 845 1366 898 franqeue.
1425 843 1505 894 Qui
1535 845 1695 898 quidem
1727 847 1842 884 nobis
1874 841 2074 895 videntur,
2108 852 2149 884 ut
2178 847 2222 884 fit
2251 847 2291 884 in

312 920 388 958 hoc
414 931 557 970 genere
579 919 729 967 critico,
751 918 878 968 magis
899 932 922 954 a
941 918 1126 955 litterulis
1146 918 1337 955 rimandis
1359 919 1489 955 exorsi
1510 932 1598 955 esse
1619 932 1737 968 quam
1759 919 1809 956 ab
1831 918 2075 968 exploranda
2095 919 2293 956 sententia

314 999 382 1030 aut
410 990 600 1029 orationis
632 989 801 1028 utilitate
832 988 1109 1041 expendenda:
1145 1004 1237 1028 nam
1268 989 1374 1041 quod
1404 989 1504 1029 scita
1533 1003 1629 1029 sane
1659 989 1878 1029 mutatione
1908 989 2138 1040 effecerunt,
2177 990 2210 1030 si
2240 989 2291 1030 ad

312 1062 549 1102 sententiam
584 1060 766 1111 refertur,
804 1058 903 1100 nihil
939 1059 1071 1100 minus
1108 1059 1307 1113 expectari
1338 1060 1514 1113 potuisse
1546 1059 1700 1111 credas,
1739 1061 1855 1113 pinus
1886 1060 1993 1100 enim
2023 1073 2123 1114 quae
2153 1061 2291 1114 procul

310 1132 511 1173 radicibus
532 1132 742 1171 exturbata
763 1145 886 1186 prona
903 1131 1020 1184 cadit,
1038 1144 1157 1186 quam
1177 1145 1223 1170 ea
1238 1131 1400 1170 tandem
1421 1133 1637 1182 commode,
1655 1146 1704 1170 ne
1721 1133 1899 1171 dicamus
1916 1146 2033 1184 quam
2051 1135 2288 1183 necessario,

310 1207 437 1243 ruinis
465 1205 648 1255 frangere
678 1205 796 1243 obvia
826 1205 991 1243 dicatur.
1039 1205 1130 1243 Non
1159 1218 1232 1243 nos
1263 1205 1451 1255 praeterit
1470 1206 1597 1256 poetis
1619 1207 1774 1256 copiam
1796 1213 1835 1244 et
1856 1207 2077 1245 ubertatem
2098 1207 2289 1246 orationis

311 1276 485 1326 concedi,
517 1291 645 1328 neque
675 1276 877 1329 Varronisv
901 1289 1058 1315 versum
1089 1289 1208 1327 supra
1237 1275 1401 1315 citatum
1429 1275 1686 1327 negligimus:
1719 1290 1819 1328 quae
1849 1276 2018 1318 fortasse
2049 1277 2146 1318 satis
2177 1285 2289 1318 erant

310 1348 358 1388 ad
381 1347 587 1388 tutandam
609 1348 843 1400 scripturam
865 1346 1063 1398 traditam,
1095 1347 1255 1399 ingenio
1276 1353 1455 1401 repertae
1476 1348 1574 1389 satis
1595 1348 1826 1388 adminiculi
1847 1349 1987 1389 afferre
2009 1364 2086 1389 non
2109 1358 2286 1403 possunt.

310 1420 413 1460 Nam
444 1421 664 1460 sententiae
694 1426 836 1459 natura
865 1434 1004 1472 parum
1035 1420 1251 1472 explorata,
1284 1427 1389 1460 certe
1419 1422 1459 1460 in
1490 1422 1677 1472 ambiguo
1707 1429 1767 1461 est
1797 1422 1893 1473 quid
1922 1422 2022 1461 istae
2049 1422 2287 1475 depravatae

309 1494 486 1546 syllabae
509 1493 767 1544 abscondant,
800 1507 928 1546 neque
950 1507 996 1533 ea
1016 1494 1113 1533 satis
1134 1499 1219 1533 tuta
1239 1494 1340 1533 ratio
1362 1493 1601 1533 emendandi
1622 1501 1692 1544 est,
1720 1508 1920 1546 reponere,
1950 1495 2043 1547 quia
2063 1495 2287 1548 speciosum

308 1566 370 1616 sit,
402 1566 507 1619 quod
537 1566 687 1605 nullam
717 1581 740 1605 a
769 1566 966 1605 sententia
997 1566 1208 1606 utilitatem
1229 1573 1297 1605 aut
1317 1566 1595 1606 necessitatem
1615 1580 1710 1619 prae
1731 1580 1772 1606 se
1792 1566 1909 1606 ferat:
1942 1582 2019 1620 quo
2040 1568 2124 1607 fieri
2146 1569 2284 1621 possit,

308 1645 349 1677 ut
378 1639 487 1678 inani
518 1651 613 1678 voce
644 1639 753 1678 locus
785 1645 997 1691 occupetur
1018 1638 1084 1691 qui
1105 1638 1324 1690 aptioribus
1346 1644 1414 1677 aut
1434 1638 1560 1690 magis
1581 1638 1818 1678 necessariis
1840 1638 2069 1679 debebatur.
2115 1640 2286 1679 Accedit

307 1710 410 1762 quod
441 1711 518 1749 ista
547 1711 738 1749 orationis
769 1710 895 1749 forma
924 1710 1044 1761 labat,
1069 1723 1204 1762 prona
1234 1711 1339 1749 cadit
1368 1710 1519 1762 lateque
1545 1712 1673 1749 ruinis
1693 1710 1806 1749 obvia
1814 1711 2026 1763 franyens,
2059 1712 2098 1750 in
2121 1726 2199 1764 qua
2219 1720 2286 1751 aut

307 1795 379 1833 que
408 1782 601 1834 particula
630 1790 697 1821 aut
726 1782 979 1834 participium
1010 1781 1238 1834 scrupulum
1268 1788 1382 1833 parat
1411 1781 1571 1832 legenti.
1621 1780 1739 1829 Quod
1771 1783 1837 1833 qui
1869 1783 2082 1834 perspexit,
2110 1782 2282 1834 Riesius,

306 1866 395 1893 cum
413 1853 578 1908 franqit
605 1853 793 1907 reposuit,
825 1852 993 1892 orationi
1014 1852 1170 1906 profuit,
1203 1852 1273 1892 sed
1294 1852 1545 1892 coniecturae
1565 1853 1836 1905 probabilitati
1857 1854 1977 1892 nimis
1999 1868 2117 1906 quam
2138 1855 2282 1903 obfuit3

305 1925 380 1962 etsi
410 1926 516 1963 enim
544 1925 649 1963 haud
679 1939 767 1963 raro
799 1926 956 1963 criticos
987 1925 1170 1963 similiter
1199 1939 1316 1974 agere
1346 1925 1540 1971 videmus,
1571 1939 1644 1963 nos
1674 1926 1730 1963 ita
1755 1927 1959 1975 sentimus,
1992 1927 2142 1965 nullam
2163 1927 2282 1966 fidem

305 2010 392 2035 esse
423 1996 680 2036 divinationis
711 2011 839 2048 posse,
871 1996 905 2035 si
935 1994 1144 2035 emendata
1171 2010 1249 2035 vox
1270 1994 1348 2035 sibi
1367 1994 1533 2035 alteram
1555 1994 1806 2036 emendatam
1828 1995 1921 2036 addi
1941 2004 2091 2050 poscat.
2140 1996 2280 2051 Itaque

304 2081 506 2119 negamus,
529 2067 755 2109 dubitamus
777 2066 936 2121 quidem
958 2073 1074 2118 certe,
1098 2066 1171 2107 1130
1192 2066 1257 2107 via
1276 2072 1476 2120 repertum
1497 2080 1584 2107 esse
1605 2066 1710 2120 quod
1732 2074 1882 2108 certum
1904 2067 2013 2108 dicas
2034 2075 2101 2108 aut
2117 2069 2278 2120 stabile3

303 2152 431 2192 neque
445 2153 538 2179 vero
559 2140 700 2180 melius
722 2139 887 2179 eandem
904 2140 1007 2179 viam
1028 2139 1259 2179 insistentes
1280 2145 1347 2177 aut
1362 2138 1559 2191 Bergkius
1580 2140 1731 2192 lateque
1750 2141 2023 2179 tumultibus
2039 2142 2279 2193 afr-anqens

304 2218 372 2248 aut
399 2211 433 2249 I.
455 2210 498 2249 P.
523 2212 754 2264 Postgatius
785 2213 860 2251 late
890 2227 998 2251 casu
1029 2220 1193 2251 cuncta
1222 2212 1336 2250 obvia
1353 2212 1552 2264 franqem
1582 2219 1715 2263 spreta
1744 2213 1784 2251 hi
1815 2212 1975 2263 quidem
2005 2214 2125 2252 etiam
2146 2215 2277 2265 specie

303 2283 661 2324 verisimilitudinis
690 2290 991 2337 proposuerunt.

499 2355 677 2395 Fuerunt
705 2357 773 2409 qui
803 2356 905 2396 hanc
935 2356 1098 2396 alteram
1119 2369 1207 2396 esse
1227 2361 1378 2408 partem
1399 2355 1589 2395 orationis
1610 2355 1685 2394 rati
1707 2355 1857 2407 lateque
1878 2387 1885 2394 .
1910 2388 1918 2396 .
1941 2356 2055 2396 obvia
2062 2358 2274 2411 franyens,

302 2441 349 2466 ea
378 2433 421 2467 ut
448 2427 522 2468 rite
552 2435 752 2469 constaret
781 2444 927 2469 novum
957 2443 1044 2469 esse
1074 2429 1239 2469 verbum
1264 2427 1518 2468 inserendum
1539 2433 1761 2476 censerent3
1792 2428 1908 2480 quale
1930 2436 1990 2468 est
2010 2435 2052 2468 ut
2071 2430 2275 2471 mittamus

301 2499 380 2538 alia
414 2499 518 2551 quod
548 2500 776 2552 Madvigius
812 2501 943 2540 effecit
976 2502 1126 2553 lateque
1151 2501 1281 2549 furit
1307 2502 1376 2539 vie
1406 2499 1519 2539 obvia
1535 2499 1734 2552 frangens
1763 2500 1872 2538 nulla
1902 2500 1967 2539 ille
1997 2501 2157 2553 quidem
2185 2518 2275 2543 cum

301 2572 582 2623 probabilitate
611 2573 790 2613 mutandi
821 2573 971 2614 addens
1002 2588 1025 2613 a
1054 2573 1250 2613 sententia
1279 2571 1383 2626 quod
1414 2570 1574 2611 minime
1604 2570 1913 2611 desiderabatur.

497 2641 658 2692 Quanto
688 2646 917 2698 praestabat
945 2645 1026 2685 illis
1056 2645 1240 2685 omnibus
1260 2643 1507 2683 Lachmanni
1527 2648 1725 2696 repertum
1741 2643 1881 2682 Prona
1901 2645 2006 2683 cadit
2026 2645 2102 2685 late
2123 2660 2201 2699 qua
2222 2656 2276 2686 est

299 2716 463 2766 impetus
483 2714 598 2755 obvia
605 2716 819 2769 franqens,
842 2718 892 2756 ab
912 2717 1100 2770 Hauptio,
1124 2731 1248 2769 nuper
1268 2716 1386 2755 etiam
1408 2714 1638 2754 Bernhardo
1659 2712 1879 2755 Schmidtio
1899 2724 2114 2769 receptum.
2160 2717 2273 2767 Quae

300 2793 361 2825 est
389 2787 514 2825 oratio
545 2786 688 2827 decora
713 2796 753 2828 et
774 2803 891 2841 quam
921 2803 970 2828 ne
1000 2797 1116 2841 poeta
1146 2787 1305 2841 quidem
1335 2788 1420 2839 ipse
1450 2793 1711 2826 aversaretur.
1755 2787 1845 2827 Nisi
1876 2787 1981 2840 quod
2012 2789 2272 2830 conformatio

300 2857 471 2898 maxime
491 2857 636 2899 Datani
669 2859 817 2901 codicis
848 2861 1066 2914 scripturae
1096 2868 1157 2901 est
1185 2857 1492 2910 accommodata,
1524 2871 1602 2911 qua
1627 2857 1783 2899 dubites
1805 2873 1922 2913 quam
1942 2866 2027 2900 tuto
2048 2861 2272 2902 emendatio

299 2931 458 2981 nitatur,
480 2945 504 2970 a
523 2933 720 2984 potiorum
742 2933 921 2973 codicum
939 2933 1176 2974 testimoniis
1193 2933 1349 2985 longius
1365 2931 1545 2973 discedit.
1580 2932 1720 2985 Itaque
1737 2933 1918 2985 quamvis
1936 2934 2093 2987 egregie
2110 2935 2271 2975 invento

299 3002 474 3043 nondum
503 3005 837 3056 acquiescendum
867 3012 939 3046 est.
989 3004 1069 3046 Sed
1099 3006 1161 3046 his
1192 3005 1466 3046 conaminibus
1492 3004 1705 3058 propositis
1726 3010 1765 3045 et
1789 3006 1968 3046 excussis
1997 3006 2071 3046 hoc
2096 3007 2173 3046 iam
2201 3022 2270 3060 pro
