2652 3396
1298 227 1324 263 4

515 347 541 374 1.
585 334 806 387 Incipimus
836 339 970 373 autem
999 334 1049 373 ab
1081 333 1143 373 his
1175 335 1357 374 versibus
1387 336 1574 374 carminis
1603 345 1704 374 LXIV

711 407 789 446 105
845 405 955 445 Nam
982 406 1086 446 velut
1111 407 1156 446 in
1183 419 1333 447 summo
1363 408 1597 459 quatientem
1625 405 1787 445 brachia
1822 404 1956 445 Tauro

848 476 1043 528 Quen-um
1070 485 1141 518 aut
1168 480 1391 532 coniqeram
1418 479 1581 520 sudanti
1607 478 1747 518 cortice
1771 478 1910 530 pinum

846 551 1065 591 Indomitue
1094 552 1206 591 turbo
1237 561 1494 605 contorquens
1511 552 1678 602 flamine
1704 549 1826 589 robur

844 623 965 664 Emit
993 622 1085 673 (illa
1108 624 1255 677 procul
1280 624 1481 665 radicibus
1511 622 1715 664 exturbata

846 693 986 736 Prona
1014 694 1122 735 cadit
1148 694 1308 751 lateque
1332 708 1421 736 cum
1442 695 1525 735 eius
1548 693 1663 734 obvia
1675 692 1909 747 fronymi),

714 766 792 804 110
852 765 922 805 Sic
949 768 1094 806 domito
1124 780 1284 807 saevum
1309 769 1528 821 prostravit
1555 779 1719 819 corpore
1752 766 1919 805 Theseus

845 840 1098 891 Nequiquam
1127 842 1240 880 vania
1269 843 1476 881 iactantem
1505 853 1652 879 cornua
1681 840 1814 878 ventis.

315 907 485 949 Versum
520 909 598 950 109
636 908 868 950 Ludovicus
904 908 1141 952 Schwabius
1179 911 1439 965 depravatum
1469 911 1526 951 sic
1556 917 1599 950 ut
1627 909 1801 964 produnt
1829 909 1920 948 libri
1952 909 1992 947 in
2022 914 2134 947 textu
2162 906 2296 961 posuit

314 981 355 1019 in
386 980 646 1020 adnotatione
678 982 854 1021 collectis
885 982 1093 1022 doctorum
1123 984 1366 1022 emendandi
1395 984 1683 1021 conaminibus.
1727 982 1774 1019 In
1805 982 1951 1032 quibus
1980 981 2170 1018 Italorum
2191 994 2293 1018 com·

314 1061 490 1092 mentum
527 1055 680 1105 lateque
709 1063 743 1093 et
770 1057 944 1094 cominus
975 1055 1090 1095 obvia
1108 1056 1309 1108 franqens
1339 1072 1361 1095 a
1393 1055 1654 1095 Lachmanno
1685 1060 1861 1106 spretum
1901 1067 1974 1092 nec
2013 1065 2293 1092 commemora-

312 1126 419 1164 tione
454 1125 619 1176 dignum
650 1126 828 1166 habitum
850 1127 1038 1179 quoniam
1066 1128 1248 1180 egregios
1270 1126 1453 1178 editores,
1484 1125 1533 1166 R.
1556 1125 1753 1177 Ellisium,
1786 1123 1828 1165 Ρ.
1853 1122 2094 1176 Schulzium,
2126 1124 2293 1178 probare

313 1202 351 1238 et
380 1196 601 1239 identidem
632 1198 805 1252 recipere
835 1197 1029 1251 videmus,
1062 1199 1114 1239 ab
1145 1198 1220 1239 hoc
1250 1197 1510 1253 expendendo
1540 1197 1739 1252 proficisci
1770 1197 1911 1250 placet.
1957 1197 2061 1234 Nam
2090 1197 2165 1234 etsi
2194 1196 2293 1234 haec

313 1276 390 1318 est,
424 1277 467 1307 ut
497 1271 612 1308 nobis
645 1270 818 1320 videtur,
856 1272 983 1309 oratio
1019 1286 1143 1323 prava
1178 1286 1252 1310 nec
1282 1271 1519 1320 tolerabilis,
1557 1278 1690 1309 tamen
1722 1284 1807 1308 eam
1839 1283 1955 1308 nemo
1986 1270 2089 1320 quod
2122 1270 2292 1308 sciamus

311 1349 495 1380 accurate
516 1349 555 1380 et
575 1342 708 1380 dedita
738 1356 858 1394 opera
886 1343 1086 1382 refutavit.
1133 1340 1368 1382 Continetur
1397 1349 1529 1381 autem
1559 1340 1657 1381 haec
1688 1340 1959 1380 controversia
1989 1341 2202 1380 comminus
2227 1354 2291 1380 vo-

312 1413 442 1453 cabuli
475 1414 766 1466 significatione
796 1420 903 1454 recte
934 1414 1195 1455 aestimanda.
1242 1412 1373 1464 Quam
1403 1414 1548 1467 quibus
1579 1412 1773 1466 exemplis
1794 1411 1960 1453 Ellisius
1992 1410 2085 1451 huic
2106 1411 2194 1451 loco
2216 1412 2286 1451 vin

312 1485 444 1525 dicare
475 1485 638 1535 studuit,
670 1485 719 1525 iis
752 1500 934 1525 veremur
963 1500 1013 1526 ne
1044 1487 1232 1539 probetur
1262 1486 1519 1525 contrarium:
1547 1500 1638 1525 nam
1670 1498 1758 1524 cum
1789 1484 1999 1524 Lucretius
2027 1485 2124 1524 dicit
2147 1497 2190 1525 rv
2210 1486 2290 1524 406

311 1573 408 1611 quos
437 1559 510 1598 tibi
536 1567 616 1598 tum
645 1573 768 1612 supra
788 1560 849 1599 sol
871 1567 1017 1613 montes
1038 1573 1117 1599 esse
1142 1561 1294 1599 videtur
1320 1561 1532 1599 comminue
1552 1561 1637 1612 ipse
1655 1572 1725 1598 auo
1752 1559 1976 1611 continqens
1985 1558 2172 1610 fervidus
2191 1559 2288 1611 iqui,

310 1639 378 1670 aut
408 1631 577 1671 Ovidius
607 1631 670 1671 Ex
704 1632 834 1671 Ponto
856 1643 870 1670 Ι
890 1632 927 1683 5,
949 1632 1000 1672 73
1031 1646 1208 1685 quaeque
1237 1639 1291 1671 est
1317 1632 1457 1685 procul
1486 1631 1581 1671 urbe
1611 1630 1786 1681 Quirini,
1817 1632 1960 1684 aspicit
1987 1630 2158 1670 hirsutos
2187 1644 2289 1670 com-

308 1705 437 1743 minus
476 1703 575 1743 Ursa
607 1703 739 1753 Getae,
772 1710 814 1744 ut
848 1704 1054 1744 mittamus
1086 1702 1270 1754 Statium,
1303 1705 1391 1756 quis
1422 1718 1500 1744 non
1532 1703 1715 1755 agnoscit
1743 1703 1784 1742 in
1815 1702 1877 1742 his
1907 1703 2107 1756 propriam
2137 1716 2183 1741 ac
2212 1702 2289 1755 pri-

308 1775 489 1814 mitivam
520 1775 599 1814 vim
630 1775 753 1814 vocis.
805 1772 938 1823 Quam
968 1776 1035 1828 qui
1067 1782 1174 1814 recte
1210 1776 1445 1827 perceperit,
1477 1775 1648 1814 fateatur
1683 1788 1845 1814 necesse
1881 1781 1942 1814 est
1975 1774 2115 1826 pinum
2148 1773 2289 1813 radici-

311 1847 383 1885 bus
414 1847 664 1886 exturbatam
696 1846 874 1886 cadendo
905 1847 1006 1886 nihil
1030 1847 1214 1898 frangere
1243 1848 1319 1886 nisi
1343 1849 1556 1886 comminus
1581 1860 1699 1899 posse
1726 1846 1763 1885 h.
1786 1860 1818 1885 e.
1846 1846 1923 1885 nisi
1954 1845 2058 1898 quod
2087 1845 2292 1896 contingat

308 1918 483 1969 obvium,
515 1917 622 1958 velut
652 1916 848 1959 Goethius
878 1918 919 1958 in
950 1917 1090 1958 Fausti
1121 1918 1326 1971 tragoedia
1355 1919 1494 1958 scribit
1522 1931 1633 1957 wenn
1659 1918 1729 1957 der
1756 1916 1892 1957 sturm
1920 1919 1975 1957 im
1999 1917 2133 1956 Walde
2157 1917 2292 1956 brauet

306 1991 390 2027 und
408 1990 559 2038 lenam-t,
582 1991 644 2027 die
667 1990 916 2039 Riesenfichte
935 1992 1120 2027 sturzend
1139 1990 1411 2028 Nachbarciete
1431 1992 1513 2028 und
1530 1990 1878 2028 Naclzbaretci'mme
1897 1990 2130 2040 queteclzend
2143 1991 2290 2027 nieder-

306 2062 449 2111 etreift,
477 2068 545 2099 aut
566 2061 712 2110 Varro,
743 2063 793 2099 ab
819 2062 905 2112 ipso
932 2061 1077 2100 Ellisio
1104 2062 1266 2109 allatus,
1294 2062 1377 2100 alia
1402 2070 1511 2113 traps
1534 2062 1674 2112 pronis
1692 2062 1736 2100 in
1754 2061 1913 2100 humum
1938 2060 2117 2100 accidens
2139 2074 2289 2113 proxu-

306 2148 391 2172 mae
404 2133 570 2185 franyit
596 2148 727 2173 ramos
758 2134 911 2173 cadens.
958 2132 1076 2182 Quod
1100 2147 1189 2173 cum
1212 2133 1268 2173 ita
1289 2132 1352 2184 sit,
1382 2147 1474 2184 non,
1508 2139 1549 2172 ut
1570 2132 1630 2174 sol
1651 2138 1732 2173 tam
1753 2132 1907 2173 eminus
1928 2146 2048 2186 quam
2068 2131 2288 2172 comminus

306 2204 540 2245 collustrare
570 2205 705 2245 omnia
734 2210 876 2258 potest,
913 2211 982 2244 aut
1011 2204 1126 2244 miles
1158 2211 1240 2244 tam
1271 2204 1490 2244 comminus
1521 2204 1625 2243 ferro
1655 2204 1819 2243 caedere
1849 2217 1966 2258 quam
1997 2204 2113 2256 longe
2148 2204 2287 2243 iaculis

305 2276 462 2315 hostem
493 2275 692 2328 petere*),
730 2278 788 2316 ita
823 2278 940 2329 pinus
971 2291 1127 2329 quoque
1159 2277 1238 2314 dici
1271 2283 1403 2328 potest
1433 2277 1610 2315 cadendo
1640 2278 1758 2328 longe
1788 2285 1827 2315 et
1857 2277 2077 2315 comminus
2107 2277 2287 2327 frangere

305 2349 435 2398 obvia,
469 2362 556 2388 cum
589 2350 824 2401 praesertim
855 2349 947 2388 huic
978 2349 1266 2389 contrariorum
1299 2349 1442 2388 rationi
1464 2364 1513 2388 ne
1535 2350 1610 2389 late
1639 2349 1799 2402 quidem
1830 2349 2066 2390 vocabulum
2096 2355 2201 2389 recte
2222 2349 2287 2389 ad-

305 2420 433 2459 hiberi
466 2420 657 2471 videatur,
691 2421 802 2460 cuius
833 2435 934 2473 quae
966 2420 1026 2460 vis
1058 2421 1121 2472 sit,
1154 2419 1357 2473 Vergilius
1388 2421 1529 2460 docere
1560 2428 1690 2474 potest
1719 2436 1808 2462 cum
1840 2421 1937 2461 dicit
1966 2419 2086 2472 (Aen.
2108 2433 2168 2462 ΧΠ
2187 2418 2286 2472 454)

303 2491 414 2532 dabit
441 2493 508 2532 ille
536 2494 674 2532 ruinas
704 2492 911 2533 arboribus
940 2500 1186 2546 sto·a9emque
1215 2495 1330 2543 satis,
1362 2500 1447 2533 ruet
1476 2495 1607 2533 omnia
1638 2494 1712 2533 late
1740 2494 1777 2534 h.
1800 2508 1832 2534 e.
1856 2507 1926 2547 per
1955 2493 2130 2546 amplum
2160 2500 2287 2533 terrae

503 2662 534 2702 *)
559 2661 612 2694 Ita
637 2663 848 2695 Claudianus
874 2664 1010 2696 locutus
1036 2669 1090 2696 est
1108 2673 1157 2697 v11
1179 2665 1239 2696 137
1256 2674 1335 2707 pars
1352 2664 1387 2695 lo
1397 2674 1464 2706 nye
1480 2664 1592 2696 iaculis
1606 2675 1683 2707 pars
1700 2665 1905 2697 comminus
1921 2663 2053 2696 horrida
2068 2664 2181 2701 contis;
2196 2663 2286 2697 idem

302 2732 363 2755 xxi
382 2723 423 2755 65
457 2723 526 2765 quis
549 2722 718 2756 Stilichone
745 2725 839 2767 prior
867 2722 956 2763 ferro
983 2729 1153 2767 penetrare
1176 2725 1277 2757 leones
1302 2724 1521 2757 Comminus
1543 2730 1600 2757 aut
1622 2726 1729 2768 lonye
1760 2726 1899 2767 rso-yacus
1912 2726 2015 2767 fiyere
2036 2725 2141 2767 tae'yres.
2188 2724 2286 2767 Apud

300 2783 447 2816 Ennium
477 2788 594 2816 autem
618 2784 768 2817 Achilles
796 2784 830 2817 in
857 2785 1018 2817 Hectoris
1046 2784 1148 2826 lytris
1179 2795 1275 2818 suam
1300 2785 1517 2818 machaeram
1542 2785 1745 2826 hastamque
1769 2785 1818 2818 sic
1843 2785 2016 2819 allocutus
2041 2784 2178 2818 videtur
2202 2784 2287 2822 Quae

301 2855 367 2876 mea
390 2845 561 2876 comminus
587 2844 753 2876 machaera
776 2850 869 2888 atque
892 2845 982 2877 hasta
1006 2845 1110 2877 hosti
1115 2846 1153 2877 bi
1159 2846 1208 2878 tis
1223 2857 1319 2878 manu
1334 2844 1475 2886 [Μίδεω
1498 2845 1548 2877 ita
1566 2845 1654 2879 enim
1672 2846 1767 2885 haec,
1786 2845 1976 2888 opinamur,
1995 2844 2176 2880 scribenda
2194 2849 2284 2886 sunt,

299 2914 387 2947 quae
410 2904 535 2938 Festus
559 2915 590 2947 p.
608 2905 681 2946 370,
699 2906 739 2938 21
759 2905 970 2939 Thewrewk.
996 2906 1110 2939 hostire
1132 2916 1194 2948 pro
1219 2916 1356 2950 aequare
1378 2905 1527 2948 positum
1552 2905 1805 2949 interpretatus
1829 2906 1864 2940 in
1888 2906 1977 2939 hunc
2002 2905 2135 2939 modum
2163 2904 2287 2939 attulit

298 2972 391 3009 utque
415 2967 505 2999 hasta
530 2966 655 3009 hospius
678 2978 789 3005 manu3
818 2967 910 3000 unde
942 2977 1030 3009 quae
1055 2967 1213 3010 Scaliger
1242 2967 1369 3009 aliique
1403 2968 1487 3001 effec
1514 2972 1596 3001 runt
1619 2968 1743 3001 hostivit
1764 2968 1914 3009 (laoseibit)
1938 2979 1954 3001 e
1976 2979 2071 3001 manu
2093 2978 2161 3001 non
2184 2967 2284 3011 plane

298 3028 386 3060 satis
411 3028 561 3064 faciunt:r
592 3027 732 3070 propius
757 3029 800 3061 ad
824 3028 964 3062 litteras
990 3029 1140 3062 traditas
1165 3030 1319 3062 leostibitis
1349 3029 1485 3062 accedit
1514 3034 1551 3062 et
1574 3029 1618 3062 ad
1648 3041 1743 3062 manu
1766 3029 1800 3062 in
1825 3029 1936 3063 altero
1960 3039 2063 3063 versu
2088 3028 2167 3062 addi
2188 3030 2285 3062 missa

296 3089 427 3129 potuit;
453 3092 491 3121 ut
516 3089 601 3121 haec
626 3089 692 3121 duo
718 3094 969 3131 componantur
992 3091 1274 3131 quemadmodum
1295 3091 1334 3122 Il.
1353 3099 1400 3123 xx
1418 3090 1482 3122 462
1507 3091 1561 3122 τὸν
1583 3092 1647 3135 μὲν
1671 3092 1765 3135 δουρὶ
1787 3089 1910 3133 βαλών,
1935 3089 1990 3123 τὸν
2014 3091 2047 3124 δὲ
2072 3089 2188 3134 σχεδὸν
2208 3090 2286 3133 ἄορι

297 3146 415 3192 riguus-3
439 3147 521 3183 ibid.
537 3149 613 3183 378.
