2652 3396
1284 89 1334 126 13

319 211 397 237 non
431 205 609 251 apparet.
658 197 721 236 Ita.
765 197 872 235 varie
916 196 1174 236 coniectando
1209 197 1310 237 nihil
1346 198 1551 250 probabile
1585 200 1753 238 assecuti
1788 206 1895 248 sunt3
1934 199 2028 251 quia
2063 200 2167 238 enim
2202 200 2301 239 mihi

318 270 440 322 priori
470 269 691 309 sententiae
721 268 976 318 addiderunt,
1015 268 1054 307 id
1091 269 1195 321 quod
1231 270 1270 308 in
1308 276 1492 322 promptu
1528 278 1614 309 erat
1641 256 1689 309 'et
1724 272 1837 310 unice
1873 285 2009 310 verum
2048 285 2126 310 non
2162 272 2299 311 vident

318 356 445 394 neque
475 347 707 392 agnoscunt.
753 340 857 380 Nam
886 354 974 379 cum
1005 341 1045 379 in
1076 355 1122 380 eo
1153 355 1269 381 versu
1297 341 1396 381 mihi
1423 348 1462 381 et
1490 343 1628 382 misere
1657 341 1867 393 habeatur,
1907 342 1980 382 hoc
2010 343 2109 383 mihi
2136 345 2298 384 miserae

317 412 657 466 interpretandum
689 411 870 462 dicimus,
901 425 975 451 nec
1004 411 1079 451 hoc
1109 426 1197 452 esse
1226 412 1438 452 emendare
1459 413 1714 453 concedimus
1736 414 1806 453 sed
1827 414 1957 466 legere
1978 414 2084 466 quod
2107 415 2297 467 scriptum

317 490 393 537 est,
432 485 464 524 si
502 483 661 538 quidem
698 484 738 521 in
776 483 837 521 his
872 482 1077 522 codicibus
1107 482 1195 533 (sed
1225 484 1264 522 in
1295 497 1373 535 quo
1404 482 1528 532 non?)
1572 497 1642 536 per
1671 498 1690 523 e
1720 486 1840 523 scribi
1871 486 1971 524 solet
2002 486 2106 536 quod
2138 497 2222 524 erat
2252 502 2295 536 ce,

317 559 375 596 sic
412 571 457 595 eo
492 557 580 607 ipso
615 556 703 593 loco
738 556 837 593 mihi
867 569 937 593 ‹nec
970 556 1037 593 hec
1070 557 1223 605 misere3
1260 570 1376 606 porro
1412 564 1523 595 aucte
1557 555 1674 605 (Lxlv
1698 555 1809 605 165),
1848 566 2012 596 antenne
2047 556 2164 607 (LXIV
2184 559 2294 608 234),

317 629 447 669 libisse
482 641 598 668 arene
627 624 703 677 (vn
723 624 777 677 3),
808 627 910 667 mide
939 624 1056 677 (XXIV
1075 622 1134 677 4),
1165 634 1324 667 mestam
1351 624 1469 679 (LXIV
1492 626 1587 678 130;
1620 626 1668 667 cf.
1691 626 1740 668 31
1771 635 1809 667 et
1834 626 1921 680 66);
1953 635 1994 669 et
2023 636 2065 668 ut
2095 643 2217 683 supra
2248 644 2295 670 ex

318 702 440 754 lateqs
467 714 554 740 cum
582 700 664 738 eius
694 698 895 739 effecimus
926 698 1001 738 late
1031 712 1129 751 quae
1157 696 1225 749 uis
1243 712 1388 751 cumqe,
1409 699 1466 738 ita
1495 698 1595 738 nihil
1624 698 1869 752 frequentius
1896 714 2014 753 quam
2036 702 2197 754 quaein
2220 716 2294 755 que

317 775 426 813 abire
447 779 487 812 et
506 773 594 812 voci
614 771 867 823 praecedenti
888 770 1126 822 agglutinari
1148 770 1361 823 (fallaciqs
1379 783 1482 811 Lxlv
1496 771 1567 821 563
1588 779 1745 823 nocteqs
1762 784 1834 811 Lx1
1852 773 1948 822 1183
1970 773 2088 826 tz'biqe
2105 786 2176 813 LXI
2195 775 2307 823 1463-

315 858 493 898 rapaxqs
518 855 616 883 Lxrv
641 844 734 892 1563
767 843 815 881 cf.
838 854 926 882 xvn
947 846 986 892 13
1016 845 1189 895 inepteqs
1216 855 1303 882 xxv
1322 841 1377 893 8).
1423 842 1564 895 Itaque
1601 844 1658 882 sic
1694 844 1923 894 statuimus,
1961 854 2000 884 et
2030 846 2103 884 hoc
2133 847 2293 897 quidem

316 918 414 957 satis
448 916 633 964 fidenter,
672 928 942 967 quaecumque
978 914 1061 953 eius
1096 915 1316 955 sententiae
1350 914 1479 954 forma
1515 914 1649 964 fuerit,
1687 916 1786 955 mihi
1817 917 1981 956 miserae
2012 918 2049 955 in
2082 931 2128 957 ca
2164 918 2293 957 locum

317 989 516 1039 habuisse,
547 987 585 1027 h.
608 1002 641 1026 e.
672 988 759 1038 ἐμοὶ
789 987 905 1041 δειλῇ,
939 993 979 1025 ut
1001 986 1150 1026 Briseis
1181 989 1237 1026 ait
1265 985 1329 1037 (Il.
1352 999 1423 1027 xnx
1445 985 1554 1037 287),
1587 994 1627 1027 et
1657 1001 1774 1040 quam
1807 987 1883 1028 hoc
1912 1003 2037 1041 genus
2068 990 2107 1028 in
2139 990 2293 1029 deliciis

317 1059 498 1101 habuerit
528 1056 711 1100 Catullus
741 1055 808 1109 (de
838 1071 915 1110 quo
946 1058 1044 1098 scite
1074 1057 1278 1097 admonuit
1304 1057 1347 1097 P.
1371 1056 1580 1098 Schulzius
1601 1057 1740 1098 Herm.
1764 1070 1866 1099 xxm
1885 1057 1984 1111 583)
2005 1061 2185 1112 exempla
2205 1074 2291 1114 pro-

318 1135 424 1183 bant,
455 1146 515 1172 me
542 1134 726 1171 miserum
756 1142 839 1169 xxx
861 1133 902 1179 ὃς
934 1142 960 1170 L
981 1132 1025 1181 93
1056 1143 1187 1170 LXXVI
1211 1132 1277 1180 193
1307 1133 1491 1170 miserum
1520 1146 1579 1171 me
1606 1142 1707 1172 XCIX
1730 1133 1798 1181 113
1829 1134 2012 1171 miseram
2040 1148 2080 1171 se
2099 1145 2198 1173 Lxlv
2220 1135 2291 1182 573

318 1207 456 1244 misero
478 1236 486 1244 .
510 1236 518 1244 .
539 1204 638 1243 mihi
663 1215 705 1243 LI
725 1205 768 1252 53
797 1214 927 1243 LXVIII
947 1203 1016 1252 203
1048 1203 1111 1242 92.
1158 1200 1200 1242 Si
1233 1216 1324 1242 vero
1345 1209 1450 1242 recte
1473 1201 1622 1243 Catulli
1644 1218 1752 1243 more
1774 1204 1966 1256 probante
1994 1205 2177 1256 ponimus
2200 1205 2296 1244 mihi

317 1284 356 1316 ct
383 1278 547 1315 miserae
576 1275 732 1326 seiungi
754 1282 792 1313 et
813 1275 851 1313 in
875 1274 1051 1314 diversas
1073 1281 1205 1326 partes
1231 1274 1421 1313 orationis
1450 1274 1636 1314 distribui
1655 1289 1734 1313 non
1757 1275 1914 1326 debere,
1946 1276 2039 1314 licet
2060 1275 2152 1314 hinc
2173 1277 2292 1315 etiam

317 1349 357 1387 in
388 1348 628 1387 contrarium
658 1346 897 1396 ratiocinari,
929 1346 970 1385 in
1002 1346 1129 1398 priore
1161 1346 1358 1385 sententia
1387 1346 1533 1385 blanda
1562 1360 1642 1385 non
1672 1346 1795 1385 fuisse
1826 1346 1897 1386 sed
1926 1347 2049 1386 fuisse
2078 1347 2202 1386 nobis.

514 1418 654 1470 Itaque
684 1418 761 1456 iam
794 1417 892 1457 haec
921 1424 981 1457 est
1010 1418 1133 1456 oratio

842 1490 898 1527 At
925 1503 1003 1528 non
1032 1490 1125 1528 haec
1154 1490 1352 1540 quondam
1379 1490 1490 1528 nobis
1517 1491 1714 1541 promissa
1744 1491 1888 1529 dedisti

853 1560 961 1610 Voce,
994 1560 1091 1600 mihi
1116 1574 1195 1601 non
1223 1560 1316 1600 haec
1344 1561 1509 1600 miserae
1537 1573 1696 1614 sperare
1725 1560 1895 1600 iubebas.

315 1633 362 1671 In
398 1645 477 1685 qua
511 1632 612 1671 nihil
642 1646 664 1671 a
694 1632 1027 1683 Sangermanensi
1058 1633 1277 1684 ceterisque
1308 1632 1422 1671 bonis
1452 1632 1565 1671 libris
1596 1632 1765 1671 discedit
1794 1632 1872 1670 nisi
1902 1646 1971 1671 nec
2001 1634 2191 1684 scriptum
2223 1648 2292 1685 pro

315 1719 405 1756 non,
437 1705 542 1756 quod
574 1706 616 1744 in
647 1719 725 1744 uno
755 1705 928 1744 alterove
958 1705 1286 1756 interpolatorum
1316 1711 1534 1743 correctum
1565 1711 1637 1744 est.
1688 1706 1750 1743 Ac
1781 1704 2010 1756 praestabat
2030 1704 2198 1744 fortasse
2220 1705 2291 1744 hac

317 1791 395 1817 una
429 1777 673 1816 correctione
710 1776 871 1828 defungi
900 1782 939 1815 et
967 1777 1009 1815 in
1039 1776 1115 1816 ista
1150 1776 1461 1815 conformatione
1497 1776 1760 1828 acquiescere.
1809 1773 1887 1815 Sed
1918 1785 2131 1815 occurrunt
2160 1784 2289 1816 tamen

316 1850 434 1889 etiam
465 1863 571 1888 nunc
601 1849 868 1888 dubitationes
900 1863 977 1888 non
1007 1848 1195 1900 indignae
1225 1862 1326 1901 quae
1347 1848 1659 1888 considerentur.
1709 1848 1755 1887 In
1778 1848 1852 1887 hac
1873 1849 1979 1887 enim
2000 1849 2176 1888 oratione
2196 1850 2294 1889 mihi

314 1935 393 1960 non
425 1921 518 1960 haec
545 1922 710 1960 miserae
737 1934 896 1974 sperare
924 1920 1083 1960 iubebas
1111 1920 1227 1959 facile
1257 1920 1453 1959 adducare
1485 1927 1526 1959 ut
1557 1920 1733 1959 dativum
1764 1920 1862 1959 milti
1888 1921 2052 1959 miserae
2081 1935 2104 1959 a
2133 1922 2292 1960 iubendi

316 1994 435 2031 verbo
466 2007 702 2045 suspensum
734 2007 820 2031 esse
852 1993 1000 2042 credas,
1033 2000 1072 2031 et
1100 1993 1239 2032 statuit
1268 1992 1344 2030 hoc
1363 1992 1541 2042 Ellisius,
1575 1992 1644 2031 sed
1675 1993 1858 2043 exempla
1886 2006 2084 2044 perpauca
2104 2001 2196 2032 sunt
2216 2009 2288 2033 nec

315 2065 411 2103 satis
442 2071 559 2112 certa,
592 2072 631 2103 et
660 2065 734 2103 hoc
764 2064 850 2103 loco
881 2079 926 2102 eo
957 2064 1084 2113 magis
1114 2064 1153 2102 id
1184 2064 1415 2113 ambiguum
1446 2071 1507 2103 est
1537 2065 1630 2115 quia
1661 2064 1818 2104 dativus
1838 2064 1937 2104 mihi
1953 2066 2115 2104 miserae
2136 2072 2288 2116 poterat

315 2152 403 2176 cum
432 2137 622 2188 sperandi
651 2137 770 2177 verbo
800 2137 1035 2176 coniunctus
1062 2150 1161 2187 esse,
1196 2142 1236 2175 ut
1254 2135 1458 2187 Vergilius
1486 2135 1661 2188 loquitur
1687 2135 1806 2184 (Aen.
1824 2147 1884 2177 XII
1900 2133 1997 2185 241)
2019 2137 2090 2189 qui
2112 2136 2189 2176 sibi
2207 2138 2287 2176 iam

313 2208 485 2260 requiem
512 2221 668 2261 puqnae
695 2208 885 2261 rebusque
913 2208 1075 2248 salutem
1103 2207 1331 2261 sperabant;
1361 2206 1553 2246 Horatius
1583 2206 1635 2257 (a.
1660 2220 1696 2260 p.
1719 2205 1818 2257 240)
1846 2215 1889 2246 ut
1916 2208 1994 2246 sibi
2016 2210 2143 2261 quivis
2163 2216 2288 2261 speret

313 2281 434 2332 idem-,-
464 2279 633 2318 Ovidius
654 2279 767 2330 (Met.
789 2292 819 2319 II
838 2278 936 2328 631)
964 2288 1257 2331 sperantemque
1285 2280 1362 2318 sibi
1389 2293 1466 2318 non
1492 2280 1622 2326 falsae
1649 2281 1829 2331 praemia
1859 2281 2026 2331 linquae.
2072 2280 2134 2318 Ita
2154 2288 2284 2319 autem

315 2352 348 2389 si
380 2350 529 2390 Catulli
560 2353 682 2390 verba
710 2354 1032 2403 interpretamur,
1062 2367 1141 2391 non
1170 2352 1327 2390 iubebas
1356 2352 1449 2390 lzaec
1478 2351 1576 2390 mihi
1604 2353 1766 2390 miserae
1795 2366 1971 2402 sperare,
2005 2351 2093 2390 ilico
2123 2366 2283 2392 accusa·

313 2422 464 2463 sativus
494 2422 712 2464 desiderari
734 2423 899 2474 videtur,
931 2423 998 2476 qui
1028 2422 1183 2464 facilius
1212 2423 1354 2464 abesse
1376 2427 1540 2476 poterat,
1573 2421 1607 2462 si
1629 2437 1677 2462 ne
1698 2422 1865 2462 alterum
1887 2422 2044 2476 quidem
2067 2436 2283 2476 pronomen

312 2493 490 2534 additum
529 2501 628 2546 crat,
666 2510 745 2535 non
781 2496 875 2535 haec
909 2509 1069 2549 sperare
1102 2494 1272 2535 iubebas.
1322 2492 1402 2535 Sed
1439 2495 1628 2548 quoniam
1662 2495 1778 2534 nobis
1815 2501 1969 2533 constat
1997 2495 2095 2533 mihi
2121 2497 2284 2534 miserae

313 2566 434 2605 verba
462 2567 503 2605 in
532 2566 608 2606 hoc
640 2581 755 2607 versu
779 2568 930 2607 moveri
957 2582 1036 2607 non
1062 2568 1218 2618 debere,
1249 2567 1409 2606 aliunde
1434 2567 1527 2606 huic
1553 2567 1790 2606 dubitationi
1811 2566 2102 2605 obveniendum
2123 2574 2195 2605 est.
2235 2567 2282 2606 In

313 2652 390 2690 qua
418 2652 460 2676 re
491 2639 620 2678 acrius
651 2640 935 2678 attendendum
964 2647 1036 2687 est,
1067 2654 1135 2678 nec
1163 2654 1233 2692 pro
1264 2640 1402 2678 nonin
1425 2646 1589 2690 utroque
1609 2639 1710 2678 libro
1732 2646 1933 2677 exaratum
1954 2638 2087 2688 fuisse,
2120 2640 2186 2690 qui
2208 2641 2282 2679 etsi

312 2710 411 2748 levis
442 2724 550 2749 error
580 2725 666 2750 esse
699 2711 864 2762 videtur,
896 2718 1027 2750 tamen
1060 2712 1144 2754 eius
1174 2712 1213 2750 in
1248 2710 1308 2750 his
1330 2708 1477 2750 Catulli
1510 2710 1751 2749 carminibus
1782 2709 1858 2749 nisi
1879 2709 2054 2749 fallimur
2074 2724 2151 2750 non
2174 2717 2283 2751 extat

312 2781 537 2834 exemplum
567 2788 843 2835 praeterquam
875 2796 907 2822 c.
929 2795 957 2822 x
980 2783 1042 2834 13,
1075 2783 1141 2822 ubi
1171 2796 1249 2822 non
1271 2780 1627 2833 Sangermanensis
1658 2794 1744 2820 cum
1775 2781 1918 2820 ceteris
1949 2781 2147 2832 omnibus,
2181 2796 2282 2823 unus

314 2852 556 2892 Oxoniensis
585 2867 655 2893 nec
685 2854 848 2893 exhibet
877 2855 982 2907 quod
1012 2869 1090 2894 non
1121 2855 1265 2893 iniuria
1294 2854 1521 2906 praefertur.
1568 2852 1656 2901 Quo
1687 2866 1775 2890 cum
1805 2852 1968 2891 accedat
1998 2854 2037 2891 in
2069 2853 2144 2891 hoc
2166 2868 2282 2893 versu

314 2938 400 2963 voce
429 2925 526 2963 mihi
551 2939 621 2964 nec
649 2926 740 2965 llaec
769 2929 932 2965 miserae
966 2940 1124 2978 sperare
1152 2926 1309 2965 iubebas
1344 2925 1446 2977 quod
1477 2925 1518 2963 in
1547 2924 1645 2963 mihi
1671 2938 1740 2963 nec
1774 2924 1988 2976 impeditur
2023 2939 2179 2976 cursus,
2212 2928 2279 2978 qui

311 2995 397 3035 sine
426 2995 524 3035 milzi
550 3004 655 3036 recte
687 2997 875 3050 procedit,
907 3011 996 3037 voce
1023 3012 1091 3037 nec
1119 2997 1212 3037 haec
1240 2998 1403 3036 miserae
1431 3009 1588 3050 sperare
1607 2995 1779 3042 iubebas,
1811 2996 2027 3036 verisimile
2051 2998 2093 3036 fit
2112 3012 2191 3037 non
2215 3012 2283 3038 nec
