2652 3396
1290 115 1315 154 9

318 225 446 257 turam
476 219 804 271 praetermittunt,
837 218 959 269 probe
989 232 1087 267 eam,
1122 224 1163 256 ut
1191 217 1350 257 credere
1382 218 1486 267 licet,
1518 218 1804 268 intelligentes,
1836 218 1906 257 sed
1934 219 1965 256 si
1993 217 2152 269 quando
2176 217 2293 256 attin-

319 298 427 341 gunt,
466 290 645 330 solvendi
686 290 764 328 vim
801 289 840 328 in
879 290 1009 329 verbis
1044 291 1087 328 in
1115 288 1268 329 Cretam
1301 290 1503 343 reliqaeeet
1525 289 1670 341 funem
1698 296 1935 341 agnoscunt,
1983 289 2089 329 velut
2118 286 2296 341 Scaliger

319 363 458 403 scribit
479 362 623 415 ‘ligare
653 362 787 401 funem
818 368 879 401 est
906 362 967 402 ἐπ’
987 358 1170 414 ἀγκυρῶν
1199 361 1432 414 ὁρμίζεσθαι
1454 394 1462 402 .
1486 394 1493 402 .
1517 368 1656 402 contra
1683 361 1852 414 religare
1882 362 2017 401 funem
2052 368 2112 401 est
2142 361 2294 401 solvere

319 449 472 487 navem,
504 432 736 489 proficisci',
769 441 808 473 et
833 435 912 473 iam
936 442 1027 474 ante
1049 434 1297 487 Scaligerum
1317 436 1486 475 eundem
1506 437 1547 475 in
1569 450 1731 475 sensum
1753 437 1875 475 verba
1895 434 2043 475 Catulli
2067 435 2296 474 Alexander

319 506 519 547 Guarinus
554 507 838 559 interpretatus
869 508 925 546 ita
954 508 1093 547 scribit
1116 507 1280 547 ‘nautae
1314 509 1406 548 fune
1445 523 1568 548 naves
1603 509 1692 560 palo
1727 509 1766 547 in
1804 509 1919 547 litore
1955 508 2117 559 alligare
2154 507 2293 557 solent,

319 580 407 619 ideo
442 594 531 618 cum
566 580 698 631 aliquo
735 579 918 629 tendunt,
964 581 1096 619 funem
1133 581 1319 631 religant,
1357 581 1398 620 id
1433 589 1494 620 est
1529 578 1715 621 solvunt.²
1770 579 1882 630 Quos
1918 580 2077 633 quidem
2115 579 2294 619 videmus

319 652 442 703 liqare
471 658 510 691 et
537 652 706 704 reliqare
722 651 867 701 funem
896 652 935 691 in
969 652 1048 691 vim
1078 653 1316 692 contrariam
1346 653 1611 706 interpretari,
1650 653 1756 692 velut
1780 653 1904 704 fiyere
1935 660 1973 691 et
2006 652 2164 705 refigere
2194 652 2295 690 inter

319 737 360 762 se
390 723 535 776 opponi
566 723 758 762 solebant.
810 723 1066 763 Recentiores
1097 722 1243 764 Catulli
1276 725 1523 777 interpretes,
1554 725 1688 763 missis
1719 725 1798 763 illis
1828 738 1902 763 nec
1932 725 2171 773 memoratis,
2202 724 2295 762 reli-

315 809 412 846 qare
433 796 576 845 funem
605 797 648 833 in
677 794 789 834 oreta
820 795 868 835 de
897 796 1066 847 appulsu
1096 796 1306 848 accipiunt,
1346 796 1385 834 id
1417 796 1522 848 quod
1553 795 1798 836 Graecorum
1834 796 1991 835 dicendi
2021 809 2165 846 genere
2195 810 2295 845 πρυ-

317 866 461 917 μνήσια
490 863 667 917 ἀνάψαι,
696 869 891 917 πείσματα
921 866 1035 918 δῆσαι
1065 867 1280 917 declarant,
1312 872 1351 906 et
1380 876 1535 919 praeter
1564 874 1715 906 ceteros
1742 867 1875 906 Ellisii
1906 867 2060 906 erudita
2090 867 2296 917 diligentia

319 938 442 976 multa
476 939 678 988 congessit
712 939 857 990 quibus
893 938 1136 979 Graecorum
1172 939 1520 992 Romanorumque
1562 939 1719 979 dicendi
1762 954 1876 979 usum
1913 939 2146 992 explicaret3
2184 938 2294 979 cuius

318 1013 454 1062 copiis,
487 1024 585 1062 quas
615 1011 829 1062 compilare
860 1011 1055 1062 nolumus,
1087 1011 1185 1051 haec
1207 1026 1332 1063 pauca
1351 1011 1547 1060 addimus,
1580 1010 1717 1052 Ovidii
1738 1011 1847 1051 Fast.
1867 1023 1910 1051 1v
1931 1011 2008 1052 331
2040 1025 2119 1051 nox
2139 1012 2294 1050 aderat:

319 1096 464 1135 querno
492 1082 662 1135 reliqant
688 1084 732 1123 in
760 1084 890 1137 stipite
905 1083 1071 1136 funem;
1093 1116 1102 1124 .
1124 1114 1132 1123 .
1157 1084 1225 1123 lua:
1253 1085 1408 1124 aderat:
1439 1097 1585 1137 querno
1614 1084 1769 1124 solvunt
1793 1098 1818 1123 a
1843 1084 1974 1137 etipite
1987 1083 2151 1135 funem;
2180 1082 2295 1122 Pauli

319 1168 366 1193 ex
396 1154 515 1194 Festo
545 1169 582 1207 p.
606 1156 686 1195 539
713 1155 786 1195 Th.
812 1155 986 1196 ‘tonsilla
1009 1157 1130 1210 palus
1159 1157 1314 1196 dolatus
1340 1188 1350 1197 .
1372 1187 1381 1196 .
1410 1159 1481 1209 qui
1512 1159 1625 1196 navio
1659 1157 1936 1209 rehqandae
1965 1170 2084 1195 cauea
2112 1158 2156 1194 in
2185 1157 2297 1195 litore

310 1224 483 1279 flyitur',
517 1226 619 1265 unde
641 1226 750 1266 Festi
781 1241 880 1279 quae
910 1234 1062 1267 restant
1091 1228 1265 1281 suppleri
1293 1235 1475 1280 possunt,
1508 1228 1685 1267 eiusdem
1717 1242 1752 1279 p.
1775 1227 1852 1267 281
1880 1226 2142 1280 ‘prymnesiae
2161 1228 2294 1280 palus,

317 1298 371 1336 ad
391 1311 502 1349 quem
518 1298 639 1349 funis
668 1300 848 1338 nauticus
877 1300 1132 1352 ⁷·eli9atur,
1164 1313 1276 1351 quem
1304 1300 1379 1338 alii
1396 1300 1566 1339 tosillam
1586 1297 1745 1338 dicunt.²
1784 1298 1892 1348 Quid
1913 1312 2007 1350 ergo
2029 1299 2115 1337 est?
2157 1299 2295 1350 proba·

318 1383 457 1409 musne
477 1369 583 1409 hunc
605 1370 830 1423 explicandi
852 1371 1024 1422 modum,
1057 1372 1120 1410 cui
1140 1385 1233 1410 usus
1255 1371 1493 1410 testimoniis
1516 1371 1770 1409 confirmatus
1791 1377 1998 1421 tantopere
2020 1370 2138 1419 favet,
2170 1377 2208 1408 et
2229 1371 2295 1408 ab·

319 1441 475 1480 iicimus
506 1455 626 1493 quam
646 1442 775 1481 adhuc
796 1443 994 1482 constanti
1015 1449 1147 1482 mente
1168 1443 1367 1482 tenuimus
1389 1443 1622 1494 scripturam
1641 1444 1685 1481 in
1705 1441 1870 1491 Cretam,
1898 1456 1999 1494 quae
2020 1456 2127 1491 sane,
2152 1443 2185 1481 si
2209 1456 2301 1481 vera

318 1519 378 1551 est
406 1512 484 1552 ista
512 1527 630 1566 quam
661 1513 777 1554 hodie
808 1514 925 1567 vulgo
961 1515 1131 1568 probant
1164 1505 1364 1569 reliqandi
1396 1515 1521 1566 notio,
1560 1514 1719 1554 defendi
1755 1528 1834 1554 non
1866 1515 2022 1567 poterit.
2071 1513 2117 1553 In
2150 1528 2227 1567 qua
2258 1528 2299 1553 re

319 1584 411 1625 dum
442 1586 580 1626 incerti
612 1587 831 1639 haeremus,
864 1589 1021 1628 interim
1045 1589 1166 1628 verba
1184 1587 1300 1640 (171)
1330 1597 1499 1642 tempore
1525 1590 1657 1642 primo
1688 1587 1930 1627 attendimus
1961 1601 2085 1640 eaque
2112 1587 2298 1639 quemad-

319 1658 477 1697 modum
508 1660 743 1712 interpretes
775 1661 1026 1714 explanarint
1055 1662 1411 1714 circumspicimus.
1453 1661 1512 1700 De
1539 1661 1683 1713 quibus
1705 1661 1840 1700 Ellisii
1868 1661 2175 1699 commentarius
2202 1660 2300 1698 haec

321 1729 440 1769 habet
473 1729 579 1783 (ipsa
608 1734 714 1771 enim
745 1734 866 1772 verba
895 1734 1097 1773 afferenda
1126 1732 1235 1784 sunt)
1264 1733 1450 1787 ‘tempore
1476 1731 1617 1786 primo’
1650 1742 1804 1773 retur-ne
1840 1741 1876 1772 to
1907 1732 1968 1772 the
1995 1740 2163 1772 moment
2191 1732 2299 1771 when

320 1802 498 1843 Ariadm
517 1806 614 1858 first
646 1820 728 1845 saw
763 1805 944 1856 Theseu83
987 1806 1113 1846 Riesii
1149 1813 1282 1846 autem
1318 1806 1522 1846 adnotatio
1559 1805 1656 1846 haec
1685 1804 1870 1859 ‘tempore
1903 1802 2052 1858 primo'
2081 1805 2142 1845 als
2177 1806 2300 1844 meine

322 1874 439 1915 Liebe
467 1877 613 1931 anfiny.
660 1876 716 1917 Hi
736 1877 856 1929 igitur
882 1877 958 1917 duo
979 1878 1213 1930 interpretes
1244 1877 1306 1917 his
1339 1878 1470 1917 verbis
1501 1877 1717 1916 adventum
1747 1876 1891 1916 Thesei
1923 1876 1963 1914 in
1985 1874 2148 1916 Cretam
2178 1876 2298 1927 signi·

320 1947 429 1986 ficari
461 1947 608 2000 volunt,
641 1955 680 1989 et
700 1956 862 2003 accepta
886 1950 964 1989 ista
983 1963 1102 2003 quam
1128 1955 1308 1990 statuunt
1328 1949 1527 2002 reliyandi
1545 1949 1809 2002 explicatione
1831 1949 1910 1987 iam
1931 1949 1986 1987 ita
2007 1948 2296 1987 exclamantem

319 2019 509 2059 habemus
535 2022 770 2071 Ariadnam,
804 2024 947 2073 primo:
980 2024 1130 2061 utinam
1161 2037 1210 2061 ne
1240 2023 1354 2061 initio
1376 2022 1686 2061 Atheniensium
1709 2036 1830 2060 naves
1852 2022 1902 2060 ad
1924 2020 2086 2061 Cretam
2107 2021 2297 2074 appulsae

319 2097 463 2143 essent,
496 2105 585 2132 cum
606 2091 760 2133 Theseo
792 2093 944 2133 scilicet
974 2100 1013 2133 et
1038 2094 1071 2134 si
1093 2106 1181 2133 cum
1204 2092 1358 2133 Theseo
1381 2093 1569 2132 nimirum
1600 2093 1719 2132 etiam
1751 2106 1838 2132 cum
1865 2092 2063 2145 stipendio
2085 2091 2171 2131 diro
2192 2091 2297 2144 quod

319 2162 544 2203 Minotauro
566 2166 819 2205 tribuendum
841 2174 942 2216 erat3
973 2166 1146 2206 secundo
1168 2172 1299 2205 autem
1329 2166 1432 2205 loeo:
1466 2166 1617 2204 utinam
1647 2180 1695 2204 ne
1718 2164 1895 2204 Theseus
1928 2165 2036 2212 (nam
2068 2167 2100 2204 is
2132 2172 2192 2204 est
2208 2178 2296 2217 per-

306 2235 417 2284 fidus
444 2239 578 2277 navita
611 2236 706 2288 174)
736 2253 824 2278 cum
856 2238 1053 2291 stipendio
1083 2239 1152 2277 illo
1182 2252 1324 2278 navem
1355 2238 1575 2290 appulisset
1603 2237 1650 2275 ad
1681 2235 1841 2276 Cretam
1873 2237 1911 2274 iu
1935 2235 2133 2289 Cretaque
2163 2236 2295 2275 funem

317 2307 543 2359 religasset3
575 2310 744 2363 denique
779 2311 914 2350 tertio:
947 2312 1097 2350 utinam
1126 2325 1176 2350 ne
1206 2311 1312 2350 idem
1342 2310 1531 2360 Theseus,
1564 2316 1772 2361 postquam
1795 2323 1936 2348 navem
1958 2308 2111 2361 appulit
2130 2308 2179 2347 ad
2201 2306 2295 2348 Cre·

317 2385 410 2430 tam,
441 2380 483 2419 in
513 2383 660 2422 nostris
691 2383 853 2423 sedibus
884 2383 1028 2436 hospes
1059 2383 1291 2436 requiesset.
1340 2382 1403 2422 Ita
1432 2397 1525 2422 vero
1547 2379 1729 2421 Catullus
1757 2391 1816 2420 ter
1842 2381 1946 2420 idem
1970 2380 2189 2420 Ariadnam
2209 2394 2295 2430 gra-

318 2451 492 2491 vissimis
529 2454 660 2493 verbis
696 2455 958 2495 devoventem
987 2456 1159 2496 fecisset.
1211 2454 1329 2505 Quod
1371 2455 1437 2494 vix
1468 2454 1657 2494 credibile
1694 2460 1754 2492 est
1790 2454 1964 2505 potuisse
1995 2452 2174 2491 accidere
2213 2458 2295 2492 tam

317 2524 439 2576 polito
460 2533 611 2577 poetae.
650 2527 790 2582 Itaque
812 2529 909 2569 haec
930 2529 1045 2569 aliter
1074 2543 1161 2569 esse
1182 2527 1481 2581 interpretanda
1503 2527 1695 2577 ducimus,
1725 2535 1762 2566 et
1784 2534 1899 2578 poeta
1919 2525 2092 2578 quidem,
2116 2533 2157 2563 ut
2177 2525 2294 2564 nobis

318 2595 482 2648 videtur,
520 2598 620 2637 nihil
656 2602 922 2652 praetermisit
957 2602 1168 2654 quominus
1205 2601 1404 2641 sententia
1439 2607 1478 2639 et
1513 2600 1679 2639 consilia
1709 2613 1780 2638 sua
1817 2606 1921 2637 recte
1957 2597 2083 2649 accipi
2119 2605 2293 2649 possent,

317 2668 433 2707 modo
462 2669 610 2710 indicia
639 2673 723 2712 eius
754 2674 990 2726 interpretes
1022 2674 1175 2713 curiose
1206 2673 1331 2713 secuti
1361 2680 1507 2712 essent.
1552 2670 1632 2719 Qui
1663 2685 1751 2709 cum
1782 2671 1837 2709 ita
1867 2677 1998 2708 narrat

779 2747 844 2785 Ah
871 2748 1029 2796 misera,
1058 2747 1231 2786 aeciam
1260 2760 1379 2799 quam
1409 2744 1573 2784 luctibus
1602 2745 1817 2783 externavit

778 2817 972 2871 Spinowe
1000 2818 1179 2871 Ενμσίπα
1207 2831 1336 2858 serens
1362 2818 1408 2856 in
1433 2824 1586 2870 pectore
1614 2829 1728 2854 carae

776 2890 853 2929 Illa
882 2898 1116 2943 tempestate,
1135 2890 1260 2942 ferox
1289 2903 1365 2942 quo
1395 2903 1442 2928 ex
1470 2896 1638 2941 tempore
1672 2886 1836 2926 Theseus

776 2962 967 3015 Eyressue
996 2964 1126 3003 curvie
1155 2976 1174 3002 e
1204 2961 1383 3002 litom'bue
1412 2960 1554 3000 Piraei

669 3034 720 3074 75
778 3035 923 3089 Attiyit
949 3036 1090 3075 iniusti
1116 3037 1219 3089 'reqis
1252 3033 1447 3087 Gortynia
1476 3040 1584 3072 tecta.
