2652 3396
1260 170 1310 209 14

300 294 421 333 prave
450 280 644 333 scriptum
664 280 734 320 sed
757 294 977 333 pronomen
1006 294 1086 320 non
1108 294 1179 320 suo
1200 279 1286 319 loco
1306 279 1479 332 positum
1509 292 1616 329 esse3
1648 278 1753 331 quod
1776 279 1843 319 ubi
1873 279 2096 333 reposueris
2117 293 2194 332 quo
2215 278 2278 318 de-

301 352 436 405 cebat,
474 351 577 392 hanc
606 366 687 393 non
718 352 1023 406 improbabilem
1054 357 1239 406 putamus
1268 351 1433 391 formam
1464 363 1650 390 versuum
1679 351 1910 391 nanciscare

770 426 826 466 Ae
857 439 937 466 non
966 426 1060 465 Ῐιαεο
1088 426 1287 479 quondam
1314 424 1425 464 nobie
1451 425 1650 477 promissa
1678 425 1823 463 dedisti

773 500 868 539 Voce
894 512 965 538 nec
992 499 1085 537 haec
1114 497 1211 537 mihi
1241 511 1304 536 me
1332 498 1495 536 miserae
1522 510 1683 549 sperare
1709 495 1869 537 iubebas

770 570 852 611 Sed
881 570 1076 611 connubia
1105 570 1206 610 laeta
1237 570 1304 609 sed
1332 575 1483 622 optatos
1502 567 1746 621 hymenaeos.

301 641 349 682 In
388 655 484 695 quo,
523 649 565 682 ut
599 642 692 682 huic
727 642 933 683 obstaculo
974 643 1106 683 statim
1144 655 1413 692 occurramus,
1451 640 1535 681 sive
1570 653 1639 680 nec
1672 640 1867 681 retinetur
1901 648 1944 681 ut
1979 642 2059 683 232
2093 655 2163 682 nec
2190 642 2283 693 ulla,

302 726 405 755 nm
432 716 457 755 3
488 729 557 754 nec
587 729 668 767 ore,
704 727 836 755 xnvm
855 716 881 754 4
909 729 979 754 nec
1007 728 1212 768 umquam,
1250 716 1333 753 sive
1368 727 1490 766 neque
1527 714 1750 766 reponitur,
1782 720 1825 752 ut
1862 716 2080 767 repositum
2119 721 2179 753 est
2215 726 2287 754 mn

307 787 403 838 1983
435 788 615 837 xxl1183
647 799 749 827 xxlv
769 787 811 837 ὃς
844 799 869 826 Χ
893 787 943 826 21
976 785 1062 838 (nec
1090 784 1187 838 hic),
1225 785 1514 825 emendationis
1546 785 1868 837 probabilitatem
1901 786 1976 825 hoo
2003 801 2082 825 non
2113 786 2284 837 attingit.

287 860 451 899 ⁴Mutati
486 866 618 899 autem
654 862 695 898 in
726 861 864 898 eodem
898 874 1013 898 versu
1048 860 1330 898 vocabulorum
1366 859 1516 897 ordinis
1546 873 1626 897 non
1658 858 1804 898 desunt
1839 860 2021 912 exempla
2055 865 2211 911 praeter
2239 873 2285 897 ea

305 946 407 984 quae
439 946 559 983 supra
588 947 624 984 p.
650 933 670 971 7
703 932 925 972 attulimus:
962 944 1062 972 val
1088 932 1142 972 85
1176 932 1284 971 illius
1318 947 1343 971 a
1371 931 1477 970 mala
1504 931 1596 970 levis
1626 930 1734 971 bibat
1761 932 1881 971 dona
1910 933 2028 972 irrita
2053 931 2185 985 pulvis
2214 945 2284 984 pro

305 1005 412 1044 mala
448 1005 553 1044 dona
584 1005 728 1044 erroris
758 1018 879 1044 causa
908 1004 1138 1055 manifesta3
1174 1004 1354 1044 LX11149
1388 1005 1562 1056 patriam
1595 1003 1766 1043 allocuta
1803 1011 1858 1043 eet
1889 1005 1946 1043 ita
1981 1017 2071 1044 voce
2098 1004 2288 1043 miseriter

304 1077 523 1115 maiestas
553 1089 622 1128 pro
652 1076 821 1115 allocuta
850 1083 1025 1114 maesta
1054 1084 1126 1115 est:
1169 1076 1353 1114 nimirum
1387 1082 1537 1114 maesta
1567 1082 1657 1127 post
1685 1076 1861 1114 allocuta
1890 1076 2210 1127 praetermissum
2246 1076 2287 1113 in

306 1154 483 1187 extremo
519 1161 635 1186 versu
671 1161 748 1185 non
786 1147 872 1186 sine
908 1147 997 1187 labe
1028 1147 1245 1196 adiectum3
1285 1159 1371 1187 xxx
1397 1147 1422 1186 8
1452 1148 1568 1199 quasi
1596 1148 1727 1186 omnia
1756 1154 1838 1186 tuta
1866 1149 1924 1186 ‘mi
1938 1148 2078 1199 forent
2107 1161 2176 1199 pro
2206 1155 2287 1186 tuta

307 1222 452 1269 omnia,
484 1234 562 1272 qua.
583 1221 684 1259 serie
714 1226 867 1259 mutata
896 1219 1043 1259 accidit
1064 1225 1106 1259 ut
1126 1227 1209 1260 tuta
1229 1226 1319 1272 post
1350 1221 1480 1259 omnia
1509 1218 1756 1259 omitteretur
1776 1219 1818 1258 in
1839 1217 2081 1270 Oxoniensi3
2110 1231 2243 1260 XXXIX
2262 1219 2287 1259 3

306 1307 393 1333 cum
428 1294 570 1333 excitat
605 1299 739 1332 orator
763 1293 901 1345 fletum
932 1305 1003 1345 pro
1035 1299 1170 1332 orator
1204 1293 1362 1341 excitam
1400 1303 1515 1332 LXVII
1545 1291 1593 1331 31
1627 1304 1697 1344 pro
1727 1291 1789 1330 his
1825 1305 1926 1344 quae
1957 1305 2051 1332 vera
2085 1299 2177 1332 sunt
2210 1305 2288 1331 non

307 1365 433 1404 solum
462 1365 533 1404 hoc
561 1378 601 1404 se
630 1366 727 1404 dicit
755 1365 811 1403 ita
847 1365 1003 1403 variant
1040 1364 1131 1403 libri
1170 1370 1212 1402 ut
1240 1364 1310 1403 hoc
1339 1365 1434 1403 dicit
1461 1377 1499 1402 se
1535 1362 1796 1414 Oxoniensis,
1832 1377 1872 1403 se
1905 1365 2001 1404 dicit
2028 1365 2099 1403 hoc
2128 1364 2288 1417 plurimi

310 1452 389 1477 non
423 1437 581 1489 sinceri,
613 1452 652 1477 ee
681 1438 776 1477 dicit
806 1437 954 1477 omisso
985 1437 1057 1476 hoc
1077 1434 1436 1489 Sangermanensis
1463 1435 1688 1476 exhibeant.
1732 1436 1873 1489 Itaque
1901 1450 1980 1476 non
2003 1437 2088 1477 sine
2109 1436 2288 1489 exemplo

309 1509 470 1561 accidit,
504 1510 608 1563 quod
641 1509 836 1550 accidisse
867 1510 1091 1558 statuimus,
1124 1516 1166 1548 ut
1195 1522 1285 1549 voce
1313 1523 1381 1548 nec
1409 1508 1502 1547 haec
1529 1508 1627 1548 mihi
1654 1507 1867 1548 inducente
1896 1509 2064 1549 fortasse
2095 1509 2291 1549 sententia

307 1583 474 1622 inverso
504 1581 644 1621 ordine
672 1583 869 1635 promissa
900 1582 1044 1621 dedisti
1071 1595 1162 1621 voce
1189 1581 1289 1620 mihi
1307 1595 1376 1620 nec
1394 1581 1486 1620 haee
1515 1580 1793 1632 scriberentur,
1825 1581 1943 1621 simul
1973 1595 2031 1621 me
2059 1582 2290 1634 pronomine

307 1654 602 1707 praetermisso.
648 1651 726 1693 Sed
759 1654 842 1692 sive
873 1653 947 1692 hoc
977 1652 1095 1692 modo
1126 1654 1211 1693 sive
1241 1652 1320 1692 alio
1350 1653 1492 1692 erroris
1519 1666 1638 1692 causa
1664 1653 1898 1705 explicatur,
1931 1659 2035 1693 certe
2056 1653 2161 1706 quod
2186 1655 2290 1694 inso-

308 1727 394 1767 lens
426 1726 478 1766 sit
513 1732 581 1765 aut
611 1725 812 1777 singulare
843 1725 881 1764 in
914 1724 983 1765 illo
1014 1724 1254 1764 emendandi
1283 1738 1426 1777 genere
1456 1724 1555 1765 nihil
1583 1726 1827 1779 proponitur.
1873 1725 2059 1779 Denique
2089 1726 2193 1779 quod
2222 1741 2290 1766 nec

312 1813 401 1839 cum
431 1799 548 1838 libris
579 1798 765 1838 omnibus
795 1798 1028 1848 retinemus,
1067 1812 1115 1837 ne
1146 1798 1235 1850 quis
1266 1799 1305 1837 in
1338 1798 1398 1838 his
1430 1799 1680 1851 comparibus
1717 1799 1926 1838 sententiis
1955 1812 2034 1838 non
2064 1799 2194 1851 potius
2225 1813 2289 1838 ex-

310 1871 569 1925 spectandum
603 1869 769 1923 dicat*),
802 1872 899 1911 satis
930 1871 1005 1910 erit
1035 1870 1133 1910 haec
1163 1886 1212 1911 ex
1243 1871 1382 1911 eodem
1412 1872 1584 1912 carmine
1615 1872 1745 1911 afferri
1775 1870 1874 1923 (188
1896 1870 1947 1922 s.)

773 1943 866 1982 Non
895 1951 1023 1982 tamen
1052 1951 1142 1983 ante
1169 1943 1269 1982 mihi
1296 1944 1540 1996 lanqueecent
1569 1944 1719 1983 lumina
1746 1952 1869 1983 morte

772 2014 856 2054 Nec
879 2017 996 2068 prius
1026 2030 1051 2054 a
1068 2015 1182 2066 fesso
1213 2016 1387 2054 secedent
1414 2029 1575 2068 corpore
1603 2030 1736 2055 sensus

311 2086 378 2137 (cf.
405 2085 511 2136 153).
556 2089 617 2126 Ac
647 2101 719 2126 nos
750 2087 911 2126 omnino
942 2087 998 2126 ita
1027 2087 1233 2137 sentimus,
1267 2088 1307 2126 in
1339 2087 1415 2126 ista
1444 2101 1562 2139 quam
1592 2088 1837 2128 restituimus
1868 2087 2044 2127 oratione
2075 2088 2193 2126 etiam
2223 2088 2289 2139 qui

313 2158 468 2198 curiose
504 2158 708 2211 temptarit
743 2172 788 2197 ac
826 2159 1073 2212 perspexerit
1102 2173 1180 2198 non
1218 2158 1458 2198 offensurum
1490 2159 1592 2212 quod
1631 2173 1709 2199 non
1746 2165 1852 2199 recte
1888 2166 1956 2199 aut
1985 2172 2062 2198 non
2095 2159 2214 2211 probe
2245 2173 2291 2198 ac

311 2231 453 2271 decore
484 2231 631 2270 elatum
662 2232 726 2270 sit.
777 2229 857 2271 Sed
887 2232 955 2271 alii
986 2232 1121 2281 aliter3
1154 2231 1420 2282 et‘defendet,
1453 2233 1508 2272 ait
1529 2229 1681 2284 Cicero,
1714 2232 1819 2285 quod
1841 2232 2010 2285 quisque
2031 2232 2168 2272 sentit:
2200 2240 2291 2272 sunt

314 2305 420 2343 enim
452 2303 604 2342 iudicia
634 2301 787 2342 libera.'
831 2304 958 2343 Nobis
989 2311 1028 2343 et
1057 2304 1126 2343 illa
1156 2305 1375 2357 probantur
1405 2311 1443 2343 et
1471 2304 1545 2344 hoc
1577 2319 1644 2357 pro
1673 2306 1902 2345 firmissimo
1932 2304 2187 2344 fundamento
2218 2312 2288 2355 est,

312 2376 354 2416 in
385 2390 463 2429 quo
485 2375 583 2415 haec
618 2376 888 2416 controversia
920 2375 1108 2427 diluatur,
1141 2390 1215 2416 nec
1244 2375 1355 2416 nobie
1386 2376 1698 2417 addubitandum
1728 2391 1856 2431 neque
1888 2390 1980 2417 vero
2008 2376 2106 2416 mihi
2132 2378 2294 2417 miserae

313 2462 402 2489 esse
433 2447 803 2501 derelinquendum.

509 2532 564 2560 Ν.
597 2519 689 2560 Una
718 2521 838 2559 etiam
859 2521 1093 2572 quaestione
1121 2521 1382 2572 defungemur
1410 2522 1529 2560 brevi.
1567 2522 1614 2560 In
1636 2522 1774 2561 eodem
1796 2522 1970 2561 carmine
1992 2521 2089 2560 haee
2110 2522 2292 2573 leguntur

313 2591 406 2631 inde
438 2607 461 2632 a
491 2606 526 2631 v.
549 2591 630 2632 269

779 2664 858 2703 Hic
888 2665 1018 2716 qualis
1036 2666 1142 2716 flatu
1166 2665 1374 2718 placidum
1402 2678 1509 2703 mare
1537 2667 1726 2705 matutino

647 2735 731 2774 270
790 2735 1038 2786 Horrificam
1066 2736 1260 2789 zephyrus
1285 2736 1486 2788 procla-ae
1514 2737 1651 2776 incitat
1678 2738 1806 2776 undae

513 2919 545 2960 *)
571 2921 780 2962 Quamquam
807 2931 849 2954 ne
874 2921 934 2953 illa
959 2922 1094 2962 quidem
1118 2926 1285 2955 accurata
1311 2922 1488 2964 anaphora
1513 2928 1590 2955 erat
1606 2929 1716 2956 aenon
1732 2924 1807 2956 haec
1823 2923 1979 2967 quondam
1998 2941 2036 2945 —
2055 2923 2130 2954 milei
2145 2935 2205 2955 non
2221 2925 2295 2956 haee

316 2983 463 3021 miserae,
495 2986 589 3015 certo
619 2992 686 3014 non
717 2983 947 3023 comparanda
971 2993 1045 3016 cum
1070 2984 1134 3016 hac
1158 2982 1271 3017 Ovidii
1295 2983 1378 3016 Met.
1398 2984 1520 3016 111652
1544 2995 1604 3016 non
1627 2984 1703 3017 haec
1726 2985 1802 3016 milei
1824 2985 1929 3024 litora,
1954 2989 2077 3025 nautae,
2098 2985 2295 3027 promtbistis,

316 3053 376 3076 non
399 3042 475 3076 haec
511 3042 587 3075 milei
611 3047 698 3076 terra
721 3048 834 3086 royata
858 3048 915 3083 (τη
941 3043 1000 3077 sed
1025 3043 1111 3077 talia
1136 3054 1203 3077 non
1227 3043 1383 3087 cogenda
1408 3047 1490 3077 sunt
1513 3053 1631 3078 verum
1655 3044 1855 3088 accipienda
1871 3043 1929 3077 ubi
1944 3043 2151 3085 offeruntur;
2173 3044 2297 3078 nedum

318 3115 359 3137 ex
385 3104 504 3137 Nonno
529 3104 720 3145 quicquam,
746 3104 835 3145 quod
860 3105 904 3138 ad
929 3105 1074 3138 formam
1100 3105 1269 3139 orationis
1294 3106 1507 3139 Catullianae
1532 3106 1717 3148 pertineat,
1742 3107 1858 3149 colligi
1882 3107 2003 3149 possit.
