2652 3396
717 901 819 960 VN
820 901 1294 960 IVERSITATIS
1342 900 1873 959 LITTERARIAE

907 1076 1273 1124 FRIDERIGAE
1315 1076 1673 1124 GVILELMAE

572 1244 1098 1325 RECTOR
1161 1245 1321 1323 ET
1385 1244 2008 1325 SENATVS.

307 1474 411 1565 De
431 1524 582 1564 Valerii
603 1522 750 1564 Catulli
780 1525 1036 1574 carminibus,
1069 1524 1117 1563 de
1147 1525 1290 1576 quibus
1321 1529 1413 1564 ante
1443 1524 1514 1564 bos
1542 1537 1613 1563 sex
1635 1537 1791 1563 menses
1812 1523 1952 1563 eadem
1972 1524 2181 1564 occasione
2202 1524 2281 1564 dis-

308 1596 518 1648 seruimus,
550 1597 607 1636 ita
634 1596 834 1649 pergimus
864 1609 981 1648 agere
1008 1603 1050 1635 ut
1076 1596 1353 1636 adnotationes
1383 1595 1578 1648 quasdam
1604 1602 1761 1635 nostras
1790 1595 1837 1634 de
1867 1595 2070 1636 nonnullis
2098 1597 2279 1651 versibus

308 1668 391 1708 eius
421 1669 462 1707 in
493 1669 803 1709 controversiam
836 1668 986 1708 vocatis
1016 1668 1208 1721 prooemii
1237 1668 1324 1708 loco
1355 1681 1634 1721 proponamus.
1685 1666 1879 1717 Quamvis
1910 1668 2017 1707 enim
2043 1675 2133 1721 post
2152 1668 2281 1707 Lach-

308 1755 494 1779 mannum
514 1741 812 1793 Hauptiumque
842 1741 1174 1793 incomparabiles
1205 1741 1489 1792 antesignanos
1519 1739 1810 1779 emendationis
1832 1738 2083 1780 Catullianae
2113 1754 2193 1780 non
2215 1740 2279 1779 de·

307 1813 418 1852 sierit
447 1812 651 1853 doctorum
680 1812 886 1864 diligentia
910 1812 1178 1865 perpoliendis
1210 1812 1272 1852 his
1307 1812 1550 1852 carminibus
1580 1812 1823 1852 fructuosam
1850 1826 2008 1864 operam
2036 1812 2277 1865 impendere,

306 1891 437 1924 tamen
466 1886 634 1925 multum
664 1887 788 1936 abest,
820 1886 861 1925 in
891 1886 1074 1925 omnibus
1105 1891 1148 1925 ut
1177 1886 1429 1925 consentiens
1461 1884 1704 1925 eruditorum
1736 1884 1925 1925 iudicium
1950 1885 2137 1925 fiduciam
2158 1899 2280 1938 quan-

308 1957 399 1996 dam
428 1958 512 1997 veri
539 1959 685 2011 reperti
714 1958 927 2011 impertiat.
963 1957 1041 1997 Vel
1070 1956 1132 1997 his
1163 1957 1373 2010 postremis
1405 1956 1541 1997 decem
1562 1958 1678 1997 annis
1699 1957 1860 2010 quaein
1882 1956 2110 2009 Germania,
2133 1956 2277 2008 Gallia,

306 2029 527 2081 Britannia,
557 2030 676 2071 Italia
705 2045 860 2083 quoque
890 2030 940 2070 ad
971 2030 1086 2070 huius
1117 2035 1255 2082 poetae
1284 2030 1464 2070 carmina
1493 2029 1638 2070 collata
1667 2029 1799 2070 studia
1828 2036 1921 2069 sunt
1946 2030 2014 2083 qui
2039 2044 2117 2070 non
2145 2031 2279 2070 conni-

308 2102 492 2141 ventibus
527 2103 651 2142 oculis
689 2102 931 2155 peragrabit,
968 2116 1048 2140 non
1083 2116 1170 2140 raro
1207 2115 1296 2141 cum
1327 2101 1590 2141 subtilissima
1620 2101 1827 2153 diligentia
1856 2102 2033 2140 iunctam
2062 2101 2278 2141 sollertiam

308 2172 455 2225 ingenii
477 2180 516 2212 et
536 2173 770 2213 eruditionis
801 2174 954 2226 copiam
984 2173 1245 2213 admirabitur
1274 2174 1313 2212 in
1344 2172 1406 2212 his
1436 2173 1549 2213 libris
1580 2172 1807 2225 libellisque
1837 2174 2109 2226 conspicuam3
2141 2187 2278 2213 verum

308 2257 397 2283 cum
432 2244 482 2283 ad
517 2246 676 2297 singula
711 2252 873 2285 ventum
908 2252 985 2296 est,
1023 2245 1141 2285 nimis
1177 2258 1294 2297 saepe
1328 2244 1427 2285 haec
1463 2244 1669 2284 doctorum
1698 2245 1736 2283 in
1769 2245 1925 2296 magnis
1955 2246 2168 2297 parvisque
2199 2245 2276 2285 dis-

308 2314 458 2366 cordia,
496 2330 575 2368 qua
608 2317 659 2356 ad
689 2332 804 2357 suum
834 2318 1001 2369 quisque
1031 2317 1265 2356 arbitratum
1294 2316 1554 2356 libidinemve
1583 2322 1723 2368 poetae
1756 2317 1877 2355 verba
1905 2316 2051 2355 referre
2082 2316 2275 2366 videatur,

308 2387 573 2435 cognoscendi
604 2387 752 2427 Catulli
784 2388 969 2440 cupidum
1000 2389 1105 2428 nube
1135 2388 1429 2427 dubitationum
1458 2388 1679 2427 involutum
1710 2387 1909 2426 destituet.
1969 2386 2061 2436 Qua
2090 2402 2131 2427 re
2160 2388 2278 2427 facile

307 2458 430 2497 oritur
459 2459 536 2499 ista
566 2474 654 2500 cum
681 2464 969 2513 μισανθρωπίᾳ
1000 2468 1168 2513 cognata
1197 2461 1420 2513 μισολογὶα,
1450 2474 1528 2513 qua
1553 2460 1621 2513 qui
1641 2459 1873 2513 opinionum
1894 2459 2133 2500 certantium
2154 2460 2279 2500 varie·

307 2535 387 2569 tate
422 2530 555 2571 elusus
591 2532 774 2586 desperat
808 2547 924 2587 posse
960 2539 1118 2586 poetam
1147 2532 1197 2573 ad
1228 2547 1340 2573 suam
1369 2533 1577 2585 pristinam
1607 2532 1771 2572 formam
1803 2546 1852 2571 ex
1881 2538 2106 2585 temporum
2133 2533 2280 2573 iniuria

306 2604 484 2642 revocari
513 2610 581 2643 aut
608 2606 766 2656 penitus
797 2620 867 2657 per
887 2606 1021 2645 omnia
1040 2606 1211 2658 perspici
1231 2605 1439 2658 lucideque
1460 2605 1661 2657 explicari,
1693 2604 1806 2644 malit
1826 2604 2014 2643 nimirum
2035 2604 2136 2644 nihil
2156 2619 2279 2657 agens

307 2673 454 2715 frustra
487 2682 685 2730 sumptam
715 2692 876 2731 operam
905 2678 1075 2719 alienam
1106 2677 1236 2719 lentus
1268 2676 1538 2731 contemplari.
1589 2676 1732 2717 Melius
1763 2682 1847 2716 erat
1877 2675 1983 2716 haud
2014 2675 2133 2718 dubie
2163 2678 2280 2718 nobis

308 2760 463 2800 quoque
497 2762 520 2787 a
554 2763 657 2789 vano
691 2750 849 2803 incepto
885 2751 1090 2791 absistere.
1150 2750 1230 2791 Sed
1265 2751 1299 2790 si
1334 2757 1467 2790 tamen
1503 2763 1691 2789 conamur
1725 2749 1833 2788 locos
1869 2763 2017 2801 paucos
2055 2749 2104 2789 de
2134 2750 2279 2802 quibus

307 2818 522 2870 ambigitur
551 2820 784 2874 disceptare,
816 2829 861 2864 et,
881 2830 974 2862 sunt
1000 2822 1098 2862 haec
1123 2836 1224 2875 quae
1250 2836 1322 2862 nos
1349 2822 1549 2861 afferimus
1580 2822 1727 2872 exigua
1746 2821 1972 2871 admodum,
2005 2821 2081 2860 hoc
2109 2822 2156 2861 fit
2175 2822 2281 2875 quod

307 2897 491 2942 putamus
527 2889 718 2946 expositis
753 2894 910 2947 plenius
945 2909 1062 2948 quam
1093 2895 1211 2947 vulgo
1240 2895 1325 2935 fieri
1356 2894 1456 2936 solet
1485 2900 1553 2934 aut
1581 2900 1713 2947 potest
1743 2893 2045 2935 demonstrandi
2074 2894 2280 2935 refellendi

308 2963 527 3013 rationibus
556 2978 603 3004 ac
630 2965 759 3006 modis
790 2981 907 3019 posse
936 2968 1022 3007 fieri
1052 2967 1117 3007 hic
1146 2967 1229 3007 illic
1259 2967 1320 3007 dis
1350 2967 1579 3007 iuvantibus
1603 2974 1643 3005 ut
1663 2966 1756 3019 quid
1780 2974 1899 3019 queat
1918 2980 2006 3007 esse
2028 2980 2164 3007 verum
2185 2967 2282 3020 quid

308 3042 478 3088 nequeat
507 3036 752 3089 intelligatur
781 3053 828 3078 ex
860 3053 982 3092 eoque
1014 3039 1203 3079 iudicium
1233 3046 1401 3091 regatur.

1915 3138 1920 3142 .
1975 3113 2020 3145 1⁸
