2652 3396
1300 111 1348 150 11

334 229 373 261 et
392 223 622 262 remotiores
641 222 767 271 affert,
800 227 843 259 ut
871 221 1000 260 solent
1028 221 1209 260 homines
1241 223 1280 261 in
1311 220 1564 259 lamentando
1594 221 1644 259 ab
1675 220 1814 259 ultima
1842 221 1994 271 origiue
2020 220 2166 259 malam
2186 221 2311 259 fortu-

335 311 426 335 nam
456 301 646 349 repetere.

533 365 687 415 Quodsi
720 365 819 405 haec
838 380 916 404 non
939 366 1256 418 improbabiliter
1282 366 1483 418 disputata
1505 372 1609 416 sunt,
1642 366 1720 404 iam
1742 379 1895 405 summa
1916 379 1988 418 ope
2011 365 2215 404 nitendum
2238 371 2311 414 est,

336 445 377 477 ut
397 439 519 478 verba
544 452 593 477 ne
620 438 850 490 obstrepere
877 438 1085 476 videantur
1106 445 1146 476 et
1173 451 1336 495 renuere
1358 452 1399 477 se
1421 452 1538 491 posse
1560 438 1608 476 de
1634 438 1878 489 profectione
1899 452 1945 477 ac
1966 452 2043 476 non
2066 437 2114 476 de
2142 437 2311 488 appulsu

334 511 503 562 intelligi
534 524 623 550 cum
653 510 710 548 ita
740 510 846 549 dicat
875 516 993 562 poeta
1020 524 1089 549 nee
1117 511 1208 549 dira
1225 510 1366 561 ferens
1393 511 1591 563 stipendia
1620 518 1733 550 tauro
1766 511 1945 561 Perfidus
1972 511 2017 549 in
2041 509 2194 550 Cretam
2222 509 2309 548 reli-

331 591 461 637 qasset
478 584 614 622 navita
628 582 783 633 funem.
830 582 893 621 Ac
923 582 1091 634 reliqare
1119 596 1197 622 non
1223 582 1350 622 solum
1371 582 1522 634 ligandi
1542 580 1770 633 (alligandi)
1791 582 1861 622 sed
1881 582 2000 622 etiam
2023 581 2203 621 solvendi
2225 595 2312 620 sen·

335 670 423 695 sum
449 655 635 695 habuisse
662 651 844 693 Catullus
872 654 959 707 ipse
987 655 1063 694 sibi
1093 655 1207 694 testis
1238 661 1298 694 est
1325 668 1413 694 cum
1438 654 1578 694 scribit
1601 666 1704 695 Lxm
1729 654 1784 695 84
1810 656 1867 694 ait
1891 654 1984 694 haec
2008 655 2144 693 minax
2170 651 2313 707 Cybebe

334 728 550 780 reliqatque
568 728 663 778 iuqa
682 740 817 775 manu,
849 723 1199 777 eandemjscilicet
1218 727 1257 765 in
1280 727 1517 766 sententiam
1544 740 1661 779 quam
1684 726 1779 765 ibid.
1801 727 1850 766 76
1872 726 1970 765 dicit
1987 726 2047 765 ibi
2063 727 2197 765 iuncta
2217 727 2311 777 iuqa

334 800 525 839 resolvens
547 798 685 851 Cybele
711 798 895 838 leonibus.
938 798 1042 838 Illud
1070 805 1201 838 autem
1228 806 1363 838 notum
1387 805 1448 839 est
1473 799 1650 838 solvendi
1676 799 1836 838 verbum
1860 798 1923 838 vel
1949 798 2059 838 nullo
2086 796 2222 838 addito
2247 811 2313 836 no-

334 871 440 910 mine
462 870 509 910 de
530 869 772 922 profectione
799 870 932 908 navali
959 871 1071 922 poni,
1104 870 1272 909 velutin
1295 871 1474 909 versibus
1505 871 1632 921 ignoti
1657 870 1797 921 tragici
1829 883 1927 922 quos
1954 868 2097 909 Cicero
2123 869 2237 907 affert
2266 868 2313 906 de

336 942 458 980 divin.
480 953 495 981 1
518 943 578 991 16,
601 942 654 980 29
675 955 764 980 cum
787 941 834 980 de
856 943 1157 992 Agamemnone
1188 941 1286 980 dicit
1315 944 1386 993 qui
1403 956 1490 980 cum
1511 942 1654 981 Achivi
1681 940 2024 994 coepissent¹inter
2041 955 2121 980 sese
2146 948 2314 993 strepere

335 1022 541 1067 aperteque
569 1022 692 1053 artem
722 1014 889 1054 obterere
917 1016 1148 1067 extispicum
1177 1014 1355 1054 solvere
1383 1016 1552 1067 imperat
1579 1015 1745 1054 secundo
1774 1028 1928 1054 rumore
1957 1015 2200 1067 adversaque
2219 1013 2311 1053 avi:

337 1084 487 1127 Caesar
516 1092 682 1139 utroque
711 1086 829 1126 modo
860 1093 899 1126 et
927 1100 1044 1126 naves
1073 1100 1119 1126 ex
1146 1088 1347 1140 superiore
1373 1094 1492 1139 portu
1522 1087 1602 1127 leni
1627 1095 1736 1126 vento
1765 1087 1962 1127 solverunt
1995 1085 2107 1137 (bell.
2136 1084 2242 1126 Gall.
2273 1096 2315 1125 IV

336 1159 400 1210 28,
421 1158 460 1207 1)
482 1164 522 1198 et
539 1165 678 1197 nactus
696 1159 878 1198 idoneam
898 1160 952 1198 ad
969 1160 1238 1212 naviqandum
1257 1167 1517 1212 tempestatem
1535 1160 1652 1199 solvit
1669 1159 1784 1209 (ibid.
1802 1160 1866 1209 23,
1888 1160 1927 1207 1)
1950 1158 2013 1198 vel
2032 1160 2117 1211 ipse
2134 1159 2316 1198 idoneam

335 1239 593 1285 tempestatem
609 1228 759 1271 'nactus
786 1246 904 1271 naves
938 1232 1053 1272 solvit
1080 1229 1194 1283 (ibid.
1217 1232 1286 1284 36,
1310 1230 1363 1283 3).
1401 1229 1542 1271 Cicero
1572 1246 1729 1285 quoque
1765 1230 1854 1285 (pro
1885 1231 2038 1271 Muren.
2061 1231 2103 1282 2,
2126 1228 2170 1282 4)
2197 1238 2315 1284 portu

336 1303 568 1344 solventibus
598 1305 635 1343 ei
662 1304 733 1356 qui
759 1305 840 1343 iam
868 1305 911 1342 in
937 1311 1095 1357 portum
1125 1317 1171 1343 ea:
1200 1304 1276 1343 alto
1306 1304 1540 1343 invehuntur
1570 1304 1797 1357 praedicere
1825 1304 1959 1343 solent.
2009 1301 2099 1352 Quo
2130 1303 2315 1342 usitatius

336 1376 411 1416 hoc
441 1383 542 1427 erat,
579 1390 625 1415 eo
655 1377 787 1415 minus
818 1376 1113 1415 incommodum
1142 1376 1318 1416 habebat
1350 1376 1518 1428 reliqare
1535 1377 1679 1427 funem
1710 1376 1876 1416 eandem
1906 1377 1946 1415 in
1977 1376 2218 1416 sententiam
2248 1389 2313 1427 po-

339 1463 443 1498 nere,
472 1462 559 1486 cum
581 1449 814 1499 praesertim
845 1448 1038 1500 quidquid
1065 1449 1241 1499 ambigui
1263 1457 1347 1487 erat
1367 1449 1408 1487 in
1428 1449 1504 1487 hoc
1524 1448 1683 1487 dicendi
1703 1448 1820 1488 modo
1842 1449 2047 1488 tolleretur
2066 1447 2203 1487 addita
2222 1448 2314 1486 finis

340 1519 642 1572 significatione,
672 1521 716 1560 in
738 1519 903 1570 Cretam,
935 1519 1041 1573 quod
1070 1534 1187 1560 nemo
1218 1526 1392 1560 veterum
1424 1520 1501 1560 nisi
1531 1520 1572 1560 in
1594 1519 1707 1560 illum
1737 1534 1853 1574 quem
1875 1519 2043 1560 dicimus
2066 1532 2227 1560 sensum
2253 1533 2315 1558 ac·

340 1592 470 1645 cipere
505 1599 670 1644 poterat.
714 1591 806 1632 Hoc
835 1598 966 1632 autem
997 1592 1127 1645 ipsum
1157 1593 1200 1631 in
1230 1591 1381 1632 Cretam
1411 1592 1514 1644 quod
1547 1606 1636 1631 cum
1667 1592 1850 1648 solvendi
1878 1593 2040 1631 notione
2070 1592 2247 1644 iungitur
2275 1591 2315 1629 in

340 1664 443 1703 hanc
472 1665 551 1703 vim
575 1664 642 1703 ‘ad
671 1665 938 1716 navigandum
969 1666 1007 1703 in
1031 1663 1205 1704 Cretam’
1234 1664 1478 1704 Graecorum
1508 1679 1617 1703 more
1647 1665 1883 1714 defenditur,
1915 1679 2083 1716 quorum
2103 1663 2315 1716 Euripides

338 1736 506 1776 Hecuba
537 1737 643 1777 1019
679 1737 818 1777 scribit
852 1739 918 1776 καὶ
950 1735 1029 1787 γὰρ
1049 1734 1222 1787 Ἀργεῖοι
1256 1739 1356 1777 νεῶν
1390 1737 1506 1777 λῦσαι
1540 1738 1741 1777 ποθοῦσιν
1775 1737 1902 1777 οἴκαδ’
1941 1738 1983 1777 ἐκ
2014 1740 2160 1788 Τροίας
2193 1735 2316 1783 πόδα,

339 1806 377 1847 h.
400 1822 432 1849 e.
463 1808 631 1860 religare
660 1808 793 1849 funem
823 1809 863 1848 in
894 1809 1062 1861 patriam
1094 1809 1276 1862 cupiunt3
1309 1806 1528 1862 Sophocles
1559 1815 1691 1849 autem
1720 1809 1761 1848 in
1791 1808 1952 1848 Electra
1981 1809 2062 1849 573
2092 1805 2140 1848 οὗ
2165 1808 2241 1858 γὰρ
2271 1805 2316 1859 ἦν

339 1878 445 1926 λύσις
474 1879 574 1933 ἄλλη
604 1882 754 1935 στρατῷ
785 1880 881 1931 πρὸς
910 1882 1018 1920 οἶκον
1046 1878 1132 1920 οὐδ’
1161 1882 1216 1926 εἷς
1237 1878 1370 1927 Ἴλιον,
1400 1894 1501 1933 quae
1532 1881 1625 1920 olim
1658 1895 1777 1933 prave
1808 1887 1970 1931 mutata,
2007 1894 2113 1919 nunc
2147 1880 2314 1931 plerum-

339 1966 413 2003 que
433 1959 538 1990 recte
559 1954 819 2003 accipiuntur,
842 1950 936 1991 ‘non
958 1953 1105 1991 licebat
1125 1953 1240 1991 aliter
1260 1953 1413 1991 solvere
1435 1954 1627 1992 exercitui
1646 1967 1774 2004 neque
1796 1953 1957 1992 domum
1978 1967 2106 2004 neque
2128 1949 2313 2000 Troiam’3

338 2037 384 2062 ac
413 2038 486 2064 nos
516 2024 676 2077 quidem
707 2023 818 2065 λύσιν
847 2039 952 2065 nunc
981 2040 1061 2065 non
1091 2024 1206 2064 aliter
1234 2024 1496 2077 intelligimus
1528 2039 1646 2078 quam
1676 2024 1780 2078 quod
1818 2031 1879 2065 est
1907 2025 1947 2064 in
1979 2024 2103 2064 altero
2133 2022 2314 2076 exemplo

338 2097 454 2135 λῦσαι
488 2096 611 2148 πόδα,
649 2112 889 2151 quamquam
919 2096 1136 2149 Georgium
1171 2097 1400 2137 Kaibelium
1439 2097 1619 2137 videmus
1656 2098 1695 2137 in
1734 2098 1999 2150 pulcherrimo
2029 2096 2312 2137 commentario

339 2182 463 2220 nuper
490 2169 595 2209 edito
622 2169 670 2209 de
698 2171 893 2210 solutione
922 2170 1045 2209 debiti
1072 2170 1246 2222 cogitare
1272 2170 1390 2209 malle
1416 2170 1665 2223 similemque
1692 2171 1931 2210 sententiam
1957 2171 1998 2209 in
2024 2177 2172 2219 κατεῖχε
2200 2166 2314 2217 (571)

338 2254 563 2291 agnoscere,
594 2242 664 2282 sed
692 2249 824 2282 tamen
845 2244 901 2282 ita
923 2250 964 2282 ut
984 2243 1153 2294 figurata
1173 2243 1298 2283 oratio
1320 2242 1605 2295 profectionem
1627 2242 1820 2294 designet,
1849 2257 1973 2296 eaque
1994 2255 2156 2282 necesse
2177 2247 2237 2280 est
2256 2241 2313 2279 in·

338 2311 549 2363 telligatur,
577 2319 620 2352 ut
639 2313 813 2353 habeant
831 2314 931 2353 fines
954 2314 1090 2364 notati,
1119 2313 1217 2364 πρὸς
1237 2316 1355 2364 οἶκον,
1382 2313 1581 2360 εἷς”Ιλ,ιον,
1609 2315 1713 2353 unde
1734 2322 1931 2365 regantur.
1979 2313 2111 2362 Quare
2132 2313 2207 2351 hoc
2228 2318 2315 2350 utut

338 2390 410 2432 est,
434 2390 642 2436 utrumque
663 2386 887 2437 exemplum
910 2386 1057 2437 pariter
1079 2393 1262 2437 putamus
1282 2387 1439 2424 firmare
1460 2400 1547 2424 eam
1567 2400 1686 2437 quam
1709 2386 1956 2424 defendimus
1977 2385 2214 2423 sententiam
2236 2398 2315 2434 qua

338 2468 544 2494 censemus
566 2463 605 2494 et
625 2471 716 2496 vere
742 2457 863 2496 scribi
884 2459 928 2496 in
948 2457 1100 2497 Cretam
1125 2458 1326 2509 reliyasset
1350 2459 1485 2497 navita
1498 2458 1643 2508 funem
1662 2465 1701 2497 et
1726 2458 1787 2497 his
1815 2457 2107 2509 profectionem,
2139 2470 2219 2495 non
2246 2469 2314 2508 ap-

337 2525 493 2577 pulsum
524 2527 757 2578 significari.

534 2609 590 2639 111.
634 2599 682 2639 In
713 2614 759 2639 ea
788 2601 1021 2653 quaestione
1051 2614 1169 2653 quam
1198 2600 1316 2640 modo
1338 2600 1648 2653 disceptavimus
1670 2601 1710 2640 in
1731 2600 1874 2639 multos
1896 2599 2040 2638 iniuria
2061 2598 2221 2651 quidem
2244 2598 2313 2638 sed

337 2670 513 2709 exercuit
542 2677 585 2710 ut
604 2671 760 2711 videtur
789 2672 965 2726 aliquam
985 2673 1065 2712 vim
1091 2672 1336 2713 Oxonicnsis
1365 2673 1513 2712 codicis
1541 2673 1734 2725 scriptura
1753 2674 1795 2710 in
1816 2672 1946 2722 Creta3
1977 2672 2065 2723 plus
2094 2678 2200 2710 certe
2229 2672 2313 2709 sive

337 2742 483 2794 profuit
511 2744 596 2782 sive
622 2746 760 2783 nocuit
780 2745 956 2784 eiusdem
978 2745 1134 2784 codicis
1147 2746 1361 2784 auctoritas
1382 2746 1423 2783 in
1445 2759 1492 2784 ea
1512 2760 1630 2797 quam
1650 2745 1728 2782 iam
1750 2744 2004 2795 aggredimur
2023 2744 2313 2792 controversia3

337 2814 478 2854 dicturi
510 2817 616 2855 enim
646 2831 781 2856 sumus
812 2817 860 2856 de
890 2817 1095 2857 Ariadnae
1126 2818 1258 2858 verbis
1289 2832 1388 2871 quae
1418 2823 1511 2857 sunt
1539 2817 1579 2856 in
1610 2816 1748 2856 eodem
1779 2816 1954 2856 carmine
1984 2828 2022 2855 v.
2044 2816 2122 2856 136

864 2889 1039 2928 Nullane
1066 2903 1127 2928 res
1155 2891 1283 2942 potuit
1311 2890 1479 2927 crudelis
1497 2890 1652 2938 flectere
1680 2890 1817 2926 mentis

864 2961 1102 3001 Consilium?
1129 2961 1202 3001 tibi
1226 2961 1338 3000 nulla
1354 2960 1445 3011 fuit
1472 2960 1670 3000 elementia
1698 2968 1854 3012 praesto

865 3031 1014 3072 Immite
1042 3039 1085 3073 ut
1111 3033 1239 3073 nostri
1264 3032 1374 3072 vellet
1402 3032 1643 3072 miserescere
1670 3033 1827 3085 pectus?

1983 3097 2027 3117 o*
