<?xml version="1.0" encoding="UTF-8"?>
<!DOCTYPE html PUBLIC "-//W3C//DTD XHTML 1.0 Transitional//EN"
    "http://www.w3.org/TR/xhtml1/DTD/xhtml1-transitional.dtd">
<html xmlns="http://www.w3.org/1999/xhtml" xml:lang="en" lang="en">
 <head>
  <title>
</title>
<meta http-equiv="Content-Type" content="text/html;charset=utf-8" />
  <meta name='ocr-system' content='tesseract 3.04.00' />
  <meta name='ocr-capabilities' content='ocr_page ocr_carea ocr_par ocr_line ocrx_word'/>
</head>
<body>
  <div class='ocr_page' id='page_1' title='image "4769576_0022.png"; bbox 0 0 2652 3396; ppageno 0'>
   <div class='ocr_carea' id='block_1_1' title="bbox 1286 161 1336 201">
    <p class='ocr_par' dir='ltr' id='par_1_1' title="bbox 1286 161 1336 201">
     <span class='ocr_line' id='line_1_1' title="bbox 1286 161 1336 201; baseline -0.02 0"><span class='ocrx_word' id='word_1_1' title='bbox 1286 161 1336 201; x_wconf 84' lang='grc'>16</span> 
     </span>
    </p>
   </div>
   <div class='ocr_carea' id='block_1_2' title="bbox 310 269 2333 3123">
    <p class='ocr_par' dir='ltr' id='par_1_2' title="bbox 310 269 2297 1114">
     <span class='ocr_line' id='line_1_2' title="bbox 311 269 2291 323; baseline -0.001 -13"><span class='ocrx_word' id='word_1_2' title='bbox 311 271 497 323; x_wconf 88' lang='lat' dir='ltr'>oportuit.</span> <span class='ocrx_word' id='word_1_3' title='bbox 530 269 610 310; x_wconf 88' lang='lat' dir='ltr'>Sed</span> <span class='ocrx_word' id='word_1_4' title='bbox 642 271 716 309; x_wconf 92' lang='lat' dir='ltr'>hoc</span> <span class='ocrx_word' id='word_1_5' title='bbox 745 270 949 320; x_wconf 90' lang='lat' dir='ltr'>iudicium,</span> <span class='ocrx_word' id='word_1_6' title='bbox 982 285 1060 323; x_wconf 91' lang='lat' dir='ltr'>quo</span> <span class='ocrx_word' id='word_1_7' title='bbox 1091 286 1163 311; x_wconf 92' lang='lat' dir='ltr'>nos</span> <span class='ocrx_word' id='word_1_8' title='bbox 1185 272 1274 311; x_wconf 87' lang='lat' dir='ltr'>duci</span> <span class='ocrx_word' id='word_1_9' title='bbox 1296 273 1476 322; x_wconf 85' lang='lat' dir='ltr'>fatemur,</span> <span class='ocrx_word' id='word_1_10' title='bbox 1510 279 1552 311; x_wconf 86' lang='lat' dir='ltr'>ut</span> <span class='ocrx_word' id='word_1_11' title='bbox 1572 279 1728 310; x_wconf 84' lang='lat' dir='ltr'>constet</span> <span class='ocrx_word' id='word_1_12' title='bbox 1750 285 1847 310; x_wconf 90' lang='lat' dir='ltr'>neve</span> <span class='ocrx_word' id='word_1_13' title='bbox 1868 272 2129 310; x_wconf 77' lang='lat' dir='ltr'>labefactetur</span> <span class='ocrx_word' id='word_1_14' title='bbox 2150 278 2189 309; x_wconf 91' lang='lat' dir='ltr'>et</span> <span class='ocrx_word' id='word_1_15' title='bbox 2209 284 2291 309; x_wconf 82' lang='lat' dir='ltr'>cor—</span> 
     </span>
     <span class='ocr_line' id='line_1_3' title="bbox 310 343 2292 397; baseline -0.001 -15"><span class='ocrx_word' id='word_1_16' title='bbox 310 349 412 392; x_wconf 90' lang='lat' dir='ltr'>ruat,</span> <span class='ocrx_word' id='word_1_17' title='bbox 436 343 536 382; x_wconf 84' lang='lat' dir='ltr'>duae</span> <span class='ocrx_word' id='word_1_18' title='bbox 558 357 621 382; x_wconf 87' lang='lat' dir='ltr'>res</span> <span class='ocrx_word' id='word_1_19' title='bbox 642 349 827 382; x_wconf 88' lang='lat' dir='ltr'>accurate</span> <span class='ocrx_word' id='word_1_20' title='bbox 847 344 1134 395; x_wconf 85' lang='lat' dir='ltr'>expendendae</span> <span class='ocrx_word' id='word_1_21' title='bbox 1155 351 1259 394; x_wconf 86' lang='lat' dir='ltr'>sunt,</span> <span class='ocrx_word' id='word_1_22' title='bbox 1282 359 1380 397; x_wconf 86' lang='lat' dir='ltr'>quas</span> <span class='ocrx_word' id='word_1_23' title='bbox 1404 345 1583 384; x_wconf 88' lang='lat' dir='ltr'>videmus</span> <span class='ocrx_word' id='word_1_24' title='bbox 1605 345 1841 395; x_wconf 80' lang='lat' dir='ltr'>interpretes</span> <span class='ocrx_word' id='word_1_25' title='bbox 1862 358 2000 397; x_wconf 90' lang='lat' dir='ltr'>parum</span> <span class='ocrx_word' id='word_1_26' title='bbox 2022 357 2193 393; x_wconf 88' lang='lat' dir='ltr'>curasse,</span> <span class='ocrx_word' id='word_1_27' title='bbox 2215 343 2292 394; x_wconf 88' lang='lat' dir='ltr'>pri-</span> 
     </span>
     <span class='ocr_line' id='line_1_4' title="bbox 310 415 2294 468; baseline 0.001 -15"><span class='ocrx_word' id='word_1_28' title='bbox 310 430 418 454; x_wconf 91' lang='lat' dir='ltr'>mum</span> <span class='ocrx_word' id='word_1_29' title='bbox 448 415 640 454; x_wconf 88' lang='lat' dir='ltr'>orationis</span> <span class='ocrx_word' id='word_1_30' title='bbox 671 415 949 466; x_wconf 80' lang='lat' dir='ltr'>conformati03</span> <span class='ocrx_word' id='word_1_31' title='bbox 982 430 1071 455; x_wconf 90' lang='lat' dir='ltr'>cum</span> <span class='ocrx_word' id='word_1_32' title='bbox 1102 417 1208 456; x_wconf 89' lang='lat' dir='ltr'>enim</span> <span class='ocrx_word' id='word_1_33' title='bbox 1241 417 1367 455; x_wconf 87' lang='lat' dir='ltr'>undae</span> <span class='ocrx_word' id='word_1_34' title='bbox 1398 417 1580 456; x_wconf 87' lang='lat' dir='ltr'>dicantur</span> <span class='ocrx_word' id='word_1_35' title='bbox 1609 417 1779 468; x_wconf 91' lang='lat' dir='ltr'>primum</span> <span class='ocrx_word' id='word_1_36' title='bbox 1807 416 1917 455; x_wconf 88' lang='lat' dir='ltr'>tarde</span> <span class='ocrx_word' id='word_1_37' title='bbox 1944 415 2174 468; x_wconf 87' lang='lat' dir='ltr'>procedere,</span> <span class='ocrx_word' id='word_1_38' title='bbox 2205 421 2294 466; x_wconf 91' lang='lat' dir='ltr'>post</span> 
     </span>
     <span class='ocr_line' id='line_1_5' title="bbox 312 487 2294 542; baseline -0.001 -15"><span class='ocrx_word' id='word_1_39' title='bbox 312 493 429 527; x_wconf 85' lang='lat' dir='ltr'>vento</span> <span class='ocrx_word' id='word_1_40' title='bbox 451 494 655 528; x_wconf 89' lang='lat' dir='ltr'>crescente</span> <span class='ocrx_word' id='word_1_41' title='bbox 675 487 964 540; x_wconf 88' lang='lat' dir='ltr'>increbescere,</span> <span class='ocrx_word' id='word_1_42' title='bbox 983 496 1148 542; x_wconf 87' lang='lat' dir='ltr'>apparet</span> <span class='ocrx_word' id='word_1_43' title='bbox 1168 489 1237 529; x_wconf 87' lang='lat' dir='ltr'>illa</span> <span class='ocrx_word' id='word_1_44' title='bbox 1258 503 1359 542; x_wconf 91' lang='lat' dir='ltr'>quae</span> <span class='ocrx_word' id='word_1_45' title='bbox 1379 489 1510 529; x_wconf 86' lang='lat' dir='ltr'>media</span> <span class='ocrx_word' id='word_1_46' title='bbox 1531 489 1737 529; x_wconf 87' lang='lat' dir='ltr'>interiecta</span> <span class='ocrx_word' id='word_1_47' title='bbox 1758 496 1850 528; x_wconf 92' lang='lat' dir='ltr'>sunt</span> <span class='ocrx_word' id='word_1_48' title='bbox 1870 488 1918 529; x_wconf 86' lang='lat' dir='ltr'>de</span> <span class='ocrx_word' id='word_1_49' title='bbox 1936 488 2139 529; x_wconf 82' lang='lat' dir='ltr'>cachinnis</span> <span class='ocrx_word' id='word_1_50' title='bbox 2156 501 2294 541; x_wconf 87' lang='lat' dir='ltr'>paren-</span> 
     </span>
     <span class='ocr_line' id='line_1_6' title="bbox 311 559 2296 614; baseline 0 -15"><span class='ocrx_word' id='word_1_51' title='bbox 311 559 437 600; x_wconf 87' lang='lat' dir='ltr'>thesis</span> <span class='ocrx_word' id='word_1_52' title='bbox 457 560 544 599; x_wconf 92' lang='lat' dir='ltr'>loco</span> <span class='ocrx_word' id='word_1_53' title='bbox 566 573 667 611; x_wconf 90' lang='lat' dir='ltr'>esse,</span> <span class='ocrx_word' id='word_1_54' title='bbox 699 573 801 613; x_wconf 88' lang='lat' dir='ltr'>quae</span> <span class='ocrx_word' id='word_1_55' title='bbox 823 561 886 600; x_wconf 89' lang='lat' dir='ltr'>vel</span> <span class='ocrx_word' id='word_1_56' title='bbox 907 561 1146 614; x_wconf 84' lang='lat' dir='ltr'>participiali</span> <span class='ocrx_word' id='word_1_57' title='bbox 1168 568 1366 600; x_wconf 81' lang='lat' dir='ltr'>structura</span> <span class='ocrx_word' id='word_1_58' title='bbox 1391 561 1546 600; x_wconf 87' lang='lat' dir='ltr'>adnecti</span> <span class='ocrx_word' id='word_1_59' title='bbox 1576 567 1768 613; x_wconf 89' lang='lat' dir='ltr'>poterant,</span> <span class='ocrx_word' id='word_1_60' title='bbox 1801 561 1912 600; x_wconf 80' lang='lat' dir='ltr'>tarde</span> <span class='ocrx_word' id='word_1_61' title='bbox 1929 561 2146 614; x_wconf 84' lang='lat' dir='ltr'>procedunt</span> <span class='ocrx_word' id='word_1_62' title='bbox 2164 560 2296 600; x_wconf 80' lang='lat' dir='ltr'>leviter</span> 
     </span>
     <span class='ocr_line' id='line_1_7' title="bbox 310 632 2296 684; baseline 0.001 -14"><span class='ocrx_word' id='word_1_63' title='bbox 310 632 540 671; x_wconf 63' lang='lat' dir='ltr'>conantibus*</span> <span class='ocrx_word' id='word_1_64' title='bbox 563 633 758 684; x_wconf 74' lang='lat' dir='ltr'>planqore</span> <span class='ocrx_word' id='word_1_65' title='bbox 778 633 988 672; x_wconf 74' lang='lat' dir='ltr'>cachinnis.</span> <span class='ocrx_word' id='word_1_66' title='bbox 1037 633 1216 684; x_wconf 90' lang='lat' dir='ltr'>Eamque</span> <span class='ocrx_word' id='word_1_67' title='bbox 1236 634 1430 671; x_wconf 89' lang='lat' dir='ltr'>rationem</span> <span class='ocrx_word' id='word_1_68' title='bbox 1457 632 1563 682; x_wconf 89' lang='lat' dir='ltr'>(cum</span> <span class='ocrx_word' id='word_1_69' title='bbox 1586 633 1763 682; x_wconf 85' lang='lat' dir='ltr'>Hauptio</span> <span class='ocrx_word' id='word_1_70' title='bbox 1785 632 1888 684; x_wconf 92' lang='lat' dir='ltr'>Opp.</span> <span class='ocrx_word' id='word_1_71' title='bbox 1909 645 1924 671; x_wconf 94' lang='lat'>1</span> <span class='ocrx_word' id='word_1_72' title='bbox 1948 633 2040 680; x_wconf 84' lang='lat'>105)</span> <span class='ocrx_word' id='word_1_73' title='bbox 2062 633 2091 671; x_wconf 92' lang='lat' dir='ltr'>ii</span> <span class='ocrx_word' id='word_1_74' title='bbox 2112 633 2296 671; x_wconf 85' lang='lat' dir='ltr'>videntur</span> 
     </span>
     <span class='ocr_line' id='line_1_8' title="bbox 311 700 2294 757; baseline 0 -14"><span class='ocrx_word' id='word_1_75' title='bbox 311 704 482 756; x_wconf 89' lang='lat' dir='ltr'>probare</span> <span class='ocrx_word' id='word_1_76' title='bbox 499 704 567 756; x_wconf 91' lang='lat' dir='ltr'>qui</span> <span class='ocrx_word' id='word_1_77' title='bbox 589 717 663 756; x_wconf 84' lang='lat' dir='ltr'>que</span> <span class='ocrx_word' id='word_1_78' title='bbox 683 704 879 757; x_wconf 88' lang='lat' dir='ltr'>particula</span> <span class='ocrx_word' id='word_1_79' title='bbox 901 704 1045 743; x_wconf 89' lang='lat' dir='ltr'>reiecta</span> <span class='ocrx_word' id='word_1_80' title='bbox 1065 704 1198 742; x_wconf 80' lang='lat' dir='ltr'>leviter</span> <span class='ocrx_word' id='word_1_81' title='bbox 1216 701 1296 753; x_wconf 86' lang='lat' dir='ltr'>(vel</span> <span class='ocrx_word' id='word_1_82' title='bbox 1318 703 1397 742; x_wconf 87' lang='lat' dir='ltr'>leni</span> <span class='ocrx_word' id='word_1_83' title='bbox 1418 703 1479 741; x_wconf 87' lang='lat' dir='ltr'>vel</span> <span class='ocrx_word' id='word_1_84' title='bbox 1499 700 1617 752; x_wconf 73' lang='lat' dir='ltr'>lenes)</span> <span class='ocrx_word' id='word_1_85' title='bbox 1636 710 1821 742; x_wconf 72' lang='lat' dir='ltr'>resonant</span> <span class='ocrx_word' id='word_1_86' title='bbox 1836 703 1893 755; x_wconf 79' lang='lat' dir='ltr'>pt.</span> <span class='ocrx_word' id='word_1_87' title='bbox 1911 704 2015 742; x_wconf 83' lang='lat' dir='ltr'>each.</span> <span class='ocrx_word' id='word_1_88' title='bbox 2039 704 2294 756; x_wconf 88' lang='lat' dir='ltr'>scripserunt,</span> 
     </span>
     <span class='ocr_line' id='line_1_9' title="bbox 312 774 2295 827; baseline -0.001 -12"><span class='ocrx_word' id='word_1_89' title='bbox 312 776 411 815; x_wconf 89' lang='lat' dir='ltr'>haec</span> <span class='ocrx_word' id='word_1_90' title='bbox 441 782 484 815; x_wconf 88' lang='lat' dir='ltr'>ut</span> <span class='ocrx_word' id='word_1_91' title='bbox 514 782 621 815; x_wconf 89' lang='lat' dir='ltr'>esset</span> <span class='ocrx_word' id='word_1_92' title='bbox 649 776 866 815; x_wconf 86' lang='lat' dir='ltr'>Homerico</span> <span class='ocrx_word' id='word_1_93' title='bbox 896 789 1005 814; x_wconf 85' lang='lat' dir='ltr'>more</span> <span class='ocrx_word' id='word_1_94' title='bbox 1034 775 1241 813; x_wconf 87' lang='lat' dir='ltr'>interiecta</span> <span class='ocrx_word' id='word_1_95' title='bbox 1271 774 1339 813; x_wconf 92' lang='lat' dir='ltr'>sed</span> <span class='ocrx_word' id='word_1_96' title='bbox 1370 775 1494 813; x_wconf 90' lang='lat' dir='ltr'>libere</span> <span class='ocrx_word' id='word_1_97' title='bbox 1524 774 1679 813; x_wconf 84' lang='lat' dir='ltr'>adnexa</span> <span class='ocrx_word' id='word_1_98' title='bbox 1716 775 1925 822; x_wconf 89' lang='lat' dir='ltr'>sententia,</span> <span class='ocrx_word' id='word_1_99' title='bbox 1963 789 2079 827; x_wconf 88' lang='lat' dir='ltr'>quam</span> <span class='ocrx_word' id='word_1_100' title='bbox 2116 776 2295 815; x_wconf 89' lang='lat' dir='ltr'>nonnulli</span> 
     </span>
     <span class='ocr_line' id='line_1_10' title="bbox 313 846 2297 900; baseline -0.001 -12"><span class='ocrx_word' id='word_1_101' title='bbox 313 848 434 888; x_wconf 88' lang='lat' dir='ltr'>etiam</span> <span class='ocrx_word' id='word_1_102' title='bbox 457 849 657 889; x_wconf 85' lang='lat' dir='ltr'>consuetis</span> <span class='ocrx_word' id='word_1_103' title='bbox 679 848 805 900; x_wconf 83' lang='lat' dir='ltr'>signis</span> <span class='ocrx_word' id='word_1_104' title='bbox 826 862 850 887; x_wconf 87' lang='lat' dir='ltr'>a</span> <span class='ocrx_word' id='word_1_105' title='bbox 870 847 1021 900; x_wconf 89' lang='lat' dir='ltr'>reliqua</span> <span class='ocrx_word' id='word_1_106' title='bbox 1050 846 1228 886; x_wconf 89' lang='lat' dir='ltr'>oratione</span> <span class='ocrx_word' id='word_1_107' title='bbox 1259 846 1545 898; x_wconf 85' lang='lat' dir='ltr'>segregandam</span> <span class='ocrx_word' id='word_1_108' title='bbox 1577 852 1781 896; x_wconf 85' lang='lat' dir='ltr'>curarunt3</span> <span class='ocrx_word' id='word_1_109' title='bbox 1813 846 1918 899; x_wconf 91' lang='lat' dir='ltr'>quod</span> <span class='ocrx_word' id='word_1_110' title='bbox 1948 861 2072 898; x_wconf 86' lang='lat' dir='ltr'>genus</span> <span class='ocrx_word' id='word_1_111' title='bbox 2103 854 2163 887; x_wconf 91' lang='lat' dir='ltr'>est</span> <span class='ocrx_word' id='word_1_112' title='bbox 2191 847 2297 900; x_wconf 88' lang='lat' dir='ltr'>apud</span> 
     </span>
     <span class='ocr_line' id='line_1_11' title="bbox 315 919 2296 973; baseline -0.001 -13"><span class='ocrx_word' id='word_1_113' title='bbox 315 919 522 961; x_wconf 86' lang='lat' dir='ltr'>Catullum</span> <span class='ocrx_word' id='word_1_114' title='bbox 552 921 682 973; x_wconf 89' lang='lat' dir='ltr'>ipsum</span> <span class='ocrx_word' id='word_1_115' title='bbox 708 920 748 959; x_wconf 93' lang='lat' dir='ltr'>in</span> <span class='ocrx_word' id='word_1_116' title='bbox 771 920 950 958; x_wconf 86' lang='lat' dir='ltr'>versibus</span> <span class='ocrx_word' id='word_1_117' title='bbox 983 919 1060 958; x_wconf 85' lang='lat'>108</span> <span class='ocrx_word' id='word_1_118' title='bbox 1082 932 1141 970; x_wconf 89' lang='lat' dir='ltr'>sq.</span> <span class='ocrx_word' id='word_1_119' title='bbox 1164 932 1285 971; x_wconf 85' lang='lat' dir='ltr'>supra</span> <span class='ocrx_word' id='word_1_120' title='bbox 1314 919 1507 958; x_wconf 89' lang='lat' dir='ltr'>tractatis.</span> <span class='ocrx_word' id='word_1_121' title='bbox 1553 919 1636 958; x_wconf 92' lang='lat' dir='ltr'>Nos</span> <span class='ocrx_word' id='word_1_122' title='bbox 1665 919 1732 970; x_wconf 91' lang='lat' dir='ltr'>qui</span> <span class='ocrx_word' id='word_1_123' title='bbox 1754 919 1960 971; x_wconf 82' lang='lat' dir='ltr'>leviterque</span> <span class='ocrx_word' id='word_1_124' title='bbox 1989 919 2215 971; x_wconf 86' lang='lat' dir='ltr'>probamus,</span> <span class='ocrx_word' id='word_1_125' title='bbox 2246 933 2296 958; x_wconf 88' lang='lat' dir='ltr'>ne</span> 
     </span>
     <span class='ocr_line' id='line_1_12' title="bbox 314 990 2296 1044; baseline -0.001 -12"><span class='ocrx_word' id='word_1_126' title='bbox 314 1006 394 1044; x_wconf 89' lang='lat' dir='ltr'>qua</span> <span class='ocrx_word' id='word_1_127' title='bbox 422 992 516 1032; x_wconf 91' lang='lat' dir='ltr'>inde</span> <span class='ocrx_word' id='word_1_128' title='bbox 546 992 711 1031; x_wconf 90' lang='lat' dir='ltr'>offensio</span> <span class='ocrx_word' id='word_1_129' title='bbox 741 998 937 1041; x_wconf 86' lang='lat' dir='ltr'>nascatur,</span> <span class='ocrx_word' id='word_1_130' title='bbox 974 990 1049 1029; x_wconf 93' lang='lat' dir='ltr'>hoc</span> <span class='ocrx_word' id='word_1_131' title='bbox 1079 991 1233 1041; x_wconf 86' lang='lat' dir='ltr'>agimus</span> <span class='ocrx_word' id='word_1_132' title='bbox 1264 996 1306 1029; x_wconf 89' lang='lat' dir='ltr'>ut</span> <span class='ocrx_word' id='word_1_133' title='bbox 1336 990 1491 1029; x_wconf 86' lang='lat' dir='ltr'>adiecta</span> <span class='ocrx_word' id='word_1_134' title='bbox 1519 991 1714 1043; x_wconf 84' lang='lat' dir='ltr'>particula</span> <span class='ocrx_word' id='word_1_135' title='bbox 1744 990 1853 1029; x_wconf 89' lang='lat' dir='ltr'>illam</span> <span class='ocrx_word' id='word_1_136' title='bbox 1885 1005 2002 1043; x_wconf 85' lang='lat' dir='ltr'>quam</span> <span class='ocrx_word' id='word_1_137' title='bbox 2033 991 2199 1030; x_wconf 88' lang='lat' dir='ltr'>dicimus</span> <span class='ocrx_word' id='word_1_138' title='bbox 2230 1006 2296 1043; x_wconf 88' lang='lat' dir='ltr'>pa-</span> 
     </span>
     <span class='ocr_line' id='line_1_13' title="bbox 315 1062 2296 1114; baseline -0.001 -11"><span class='ocrx_word' id='word_1_139' title='bbox 315 1064 511 1103; x_wconf 88' lang='lat' dir='ltr'>renthesis</span> <span class='ocrx_word' id='word_1_140' title='bbox 542 1070 721 1102; x_wconf 88' lang='lat' dir='ltr'>naturam</span> <span class='ocrx_word' id='word_1_141' title='bbox 753 1076 830 1101; x_wconf 93' lang='lat' dir='ltr'>non</span> <span class='ocrx_word' id='word_1_142' title='bbox 862 1062 948 1100; x_wconf 88' lang='lat' dir='ltr'>tolli</span> <span class='ocrx_word' id='word_1_143' title='bbox 979 1070 1047 1100; x_wconf 91' lang='lat' dir='ltr'>aut</span> <span class='ocrx_word' id='word_1_144' title='bbox 1076 1062 1258 1114; x_wconf 89' lang='lat' dir='ltr'>impediri</span> <span class='ocrx_word' id='word_1_145' title='bbox 1291 1062 1545 1101; x_wconf 80' lang='lat' dir='ltr'>affirmemus.</span> <span class='ocrx_word' id='word_1_146' title='bbox 1595 1062 1735 1114; x_wconf 88' lang='lat' dir='ltr'>Itaque</span> <span class='ocrx_word' id='word_1_147' title='bbox 1762 1070 1804 1100; x_wconf 93' lang='lat' dir='ltr'>ut</span> <span class='ocrx_word' id='word_1_148' title='bbox 1829 1062 1998 1102; x_wconf 87' lang='lat' dir='ltr'>Ovidius</span> <span class='ocrx_word' id='word_1_149' title='bbox 2026 1063 2133 1102; x_wconf 83' lang='lat' dir='ltr'>Fast.</span> <span class='ocrx_word' id='word_1_150' title='bbox 2154 1075 2197 1102; x_wconf 89' lang='lat' dir='ltr'>IV</span> <span class='ocrx_word' id='word_1_151' title='bbox 2217 1064 2296 1102; x_wconf 77' lang='lat'>585</span> 
     </span>
    </p>

    <p class='ocr_par' dir='ltr' id='par_1_3' title="bbox 778 1132 1774 1183">
     <span class='ocr_line' id='line_1_14' title="bbox 778 1132 1774 1183; baseline 0 -11"><span class='ocrx_word' id='word_1_152' title='bbox 778 1132 922 1182; x_wconf 72' lang='lat' dir='ltr'>Quecta</span> <span class='ocrx_word' id='word_1_153' title='bbox 951 1135 1021 1172; x_wconf 83' lang='lat' dir='ltr'>diu</span> <span class='ocrx_word' id='word_1_154' title='bbox 1049 1147 1177 1172; x_wconf 68' lang='lat' dir='ltr'>cecum</span> <span class='ocrx_word' id='word_1_155' title='bbox 1205 1135 1261 1172; x_wconf 72' lang='lat' dir='ltr'>sic</span> <span class='ocrx_word' id='word_1_156' title='bbox 1289 1141 1345 1172; x_wconf 69' lang='lat' dir='ltr'>eet</span> <span class='ocrx_word' id='word_1_157' title='bbox 1371 1134 1512 1183; x_wconf 87' lang='lat' dir='ltr'>adfata</span> <span class='ocrx_word' id='word_1_158' title='bbox 1547 1133 1774 1182; x_wconf 78' lang='lat' dir='ltr'>Tonantem,</span> 
     </span>
    </p>

    <p class='ocr_par' dir='ltr' id='par_1_4' title="bbox 842 1205 1842 1258">
     <span class='ocr_line' id='line_1_15' title="bbox 842 1205 1842 1258; baseline 0 -14"><span class='ocrx_word' id='word_1_159' title='bbox 842 1205 1144 1257; x_wconf 77' lang='lat' dir='ltr'>Maximaque</span> <span class='ocrx_word' id='word_1_160' title='bbox 1172 1207 1214 1244; x_wconf 90' lang='lat' dir='ltr'>in</span> <span class='ocrx_word' id='word_1_161' title='bbox 1242 1205 1352 1244; x_wconf 79' lang='lat' dir='ltr'>vultu</span> <span class='ocrx_word' id='word_1_162' title='bbox 1381 1206 1494 1258; x_wconf 71' lang='lat' dir='ltr'>siyna</span> <span class='ocrx_word' id='word_1_163' title='bbox 1525 1205 1689 1245; x_wconf 68' lang='lat' dir='ltr'>dolentis</span> <span class='ocrx_word' id='word_1_164' title='bbox 1719 1213 1842 1255; x_wconf 84' lang='lat' dir='ltr'>erant,</span> 
     </span>
    </p>

    <p class='ocr_par' dir='ltr' id='par_1_5' title="bbox 316 1277 1159 1400">
     <span class='ocr_line' id='line_1_16' title="bbox 773 1277 1159 1318; baseline -0.005 0"><span class='ocrx_word' id='word_1_165' title='bbox 773 1277 841 1318; x_wconf 74' lang='lat' dir='ltr'>‘Si</span> <span class='ocrx_word' id='word_1_166' title='bbox 866 1291 1014 1317; x_wconf 80' lang='lat' dir='ltr'>memor</span> <span class='ocrx_word' id='word_1_167' title='bbox 1041 1291 1079 1317; x_wconf 72' lang='lat' dir='ltr'>es</span> <span class='ocrx_word' id='word_1_168' title='bbox 1109 1302 1159 1307; x_wconf 98' lang='lat'>—</span> 
     </span>
     <span class='ocr_line' id='line_1_17' title="bbox 316 1350 984 1400; baseline -0.001 -12"><span class='ocrx_word' id='word_1_169' title='bbox 316 1351 410 1389; x_wconf 88' lang='lat' dir='ltr'>item</span> <span class='ocrx_word' id='word_1_170' title='bbox 442 1350 646 1400; x_wconf 88' lang='lat' dir='ltr'>Vergilius</span> <span class='ocrx_word' id='word_1_171' title='bbox 676 1351 779 1388; x_wconf 91' lang='lat' dir='ltr'>Aen.</span> <span class='ocrx_word' id='word_1_172' title='bbox 801 1361 875 1388; x_wconf 90' lang='lat' dir='ltr'>vm</span> <span class='ocrx_word' id='word_1_173' title='bbox 906 1350 984 1387; x_wconf 89' lang='grc'>116</span> 
     </span>
    </p>

    <p class='ocr_par' dir='ltr' id='par_1_6' title="bbox 786 1421 1792 1473">
     <span class='ocr_line' id='line_1_18' title="bbox 786 1421 1792 1473; baseline -0.001 -13"><span class='ocrx_word' id='word_1_174' title='bbox 786 1421 886 1460; x_wconf 82' lang='lat' dir='ltr'>Tum</span> <span class='ocrx_word' id='word_1_175' title='bbox 912 1429 1030 1473; x_wconf 79' lang='lat' dir='ltr'>pater</span> <span class='ocrx_word' id='word_1_176' title='bbox 1059 1422 1211 1459; x_wconf 71' lang='lat' dir='ltr'>Aeneas</span> <span class='ocrx_word' id='word_1_177' title='bbox 1240 1423 1370 1472; x_wconf 82' lang='lat' dir='ltr'>puppi</span> <span class='ocrx_word' id='word_1_178' title='bbox 1396 1423 1452 1459; x_wconf 73' lang='lat' dir='ltr'>sic</span> <span class='ocrx_word' id='word_1_179' title='bbox 1478 1421 1591 1468; x_wconf 78' lang='lat' dir='ltr'>fatur</span> <span class='ocrx_word' id='word_1_180' title='bbox 1619 1421 1667 1459; x_wconf 84' lang='lat' dir='ltr'>ab</span> <span class='ocrx_word' id='word_1_181' title='bbox 1697 1421 1792 1470; x_wconf 83' lang='lat' dir='ltr'>alta,</span> 
     </span>
    </p>

    <p class='ocr_par' dir='ltr' id='par_1_7' title="bbox 783 1493 1874 1545">
     <span class='ocr_line' id='line_1_19' title="bbox 783 1493 1874 1545; baseline 0 -13"><span class='ocrx_word' id='word_1_182' title='bbox 783 1493 1130 1545; x_wconf 64' lang='lat' dir='ltr'>Pacifer-aeque</span> <span class='ocrx_word' id='word_1_183' title='bbox 1158 1508 1278 1532; x_wconf 84' lang='lat' dir='ltr'>manu</span> <span class='ocrx_word' id='word_1_184' title='bbox 1306 1507 1461 1532; x_wconf 73' lang='lat' dir='ltr'>ramum</span> <span class='ocrx_word' id='word_1_185' title='bbox 1487 1494 1711 1545; x_wconf 75' lang='lat' dir='ltr'>praetendit</span> <span class='ocrx_word' id='word_1_186' title='bbox 1739 1493 1874 1540; x_wconf 84' lang='lat' dir='ltr'>olivae,</span> 
     </span>
    </p>

    <p class='ocr_par' dir='ltr' id='par_1_8' title="bbox 318 1563 1960 1689">
     <span class='ocr_line' id='line_1_20' title="bbox 774 1563 1123 1618; baseline -0.003 -14"><span class='ocrx_word' id='word_1_187' title='bbox 774 1563 1039 1618; x_wconf 64' lang='lat' dir='ltr'>‘Troiugenas</span> <span class='ocrx_word' id='word_1_188' title='bbox 1069 1586 1123 1591; x_wconf 84' lang='lat'>—-</span> 
     </span>
     <span class='ocr_line' id='line_1_21' title="bbox 318 1633 1960 1689; baseline -0.001 -14"><span class='ocrx_word' id='word_1_189' title='bbox 318 1637 375 1676; x_wconf 91' lang='lat' dir='ltr'>sic</span> <span class='ocrx_word' id='word_1_190' title='bbox 405 1642 590 1689; x_wconf 89' lang='lat' dir='ltr'>putamus</span> <span class='ocrx_word' id='word_1_191' title='bbox 621 1643 725 1675; x_wconf 86' lang='lat' dir='ltr'>recte</span> <span class='ocrx_word' id='word_1_192' title='bbox 757 1649 846 1675; x_wconf 89' lang='lat' dir='ltr'>cum</span> <span class='ocrx_word' id='word_1_193' title='bbox 878 1635 994 1675; x_wconf 90' lang='lat' dir='ltr'>undis</span> <span class='ocrx_word' id='word_1_194' title='bbox 1025 1635 1237 1688; x_wconf 88' lang='lat' dir='ltr'>procedere</span> <span class='ocrx_word' id='word_1_195' title='bbox 1268 1636 1387 1674; x_wconf 86' lang='lat' dir='ltr'>etiam</span> <span class='ocrx_word' id='word_1_196' title='bbox 1417 1635 1520 1674; x_wconf 86' lang='lat' dir='ltr'>hanc</span> <span class='ocrx_word' id='word_1_197' title='bbox 1551 1633 1699 1674; x_wconf 84' lang='lat' dir='ltr'>Catulli</span> <span class='ocrx_word' id='word_1_198' title='bbox 1730 1636 1960 1685; x_wconf 87' lang='lat' dir='ltr'>orationem,</span> 
     </span>
    </p>

    <p class='ocr_par' dir='ltr' id='par_1_9' title="bbox 783 1707 1785 1759">
     <span class='ocr_line' id='line_1_22' title="bbox 783 1707 1785 1759; baseline -0.001 -13"><span class='ocrx_word' id='word_1_199' title='bbox 783 1707 892 1756; x_wconf 84' lang='lat' dir='ltr'>Quae</span> <span class='ocrx_word' id='word_1_200' title='bbox 921 1709 1033 1746; x_wconf 83' lang='lat' dir='ltr'>tarde</span> <span class='ocrx_word' id='word_1_201' title='bbox 1058 1709 1233 1759; x_wconf 69' lang='lat' dir='ltr'>primam</span> <span class='ocrx_word' id='word_1_202' title='bbox 1262 1708 1438 1745; x_wconf 80' lang='lat' dir='ltr'>clementi</span> <span class='ocrx_word' id='word_1_203' title='bbox 1452 1708 1619 1757; x_wconf 88' lang='lat' dir='ltr'>flamine</span> <span class='ocrx_word' id='word_1_204' title='bbox 1646 1708 1785 1758; x_wconf 71' lang='lat' dir='ltr'>paleae</span> 
     </span>
    </p>

    <p class='ocr_par' dir='ltr' id='par_1_10' title="bbox 782 1779 1924 1832">
     <span class='ocr_line' id='line_1_23' title="bbox 782 1779 1924 1832; baseline -0.001 -13"><span class='ocrx_word' id='word_1_205' title='bbox 782 1780 1022 1830; x_wconf 82' lang='lat' dir='ltr'>Procedant,</span> <span class='ocrx_word' id='word_1_206' title='bbox 1055 1780 1313 1832; x_wconf 81' lang='lat' dir='ltr'>leviterque</span> <span class='ocrx_word' id='word_1_207' title='bbox 1341 1787 1482 1818; x_wconf 70' lang='lat' dir='ltr'>conant</span> <span class='ocrx_word' id='word_1_208' title='bbox 1508 1779 1701 1832; x_wconf 74' lang='lat' dir='ltr'>planyore</span> <span class='ocrx_word' id='word_1_209' title='bbox 1730 1779 1924 1829; x_wconf 75' lang='lat' dir='ltr'>cachinni,</span> 
     </span>
    </p>

    <p class='ocr_par' dir='ltr' id='par_1_11' title="bbox 319 1850 2333 3123">
     <span class='ocr_line' id='line_1_24' title="bbox 781 1850 1922 1904; baseline -0.002 -13"><span class='ocrx_word' id='word_1_210' title='bbox 781 1852 882 1891; x_wconf 67' lang='lat' dir='ltr'>Post</span> <span class='ocrx_word' id='word_1_211' title='bbox 911 1859 1020 1891; x_wconf 83' lang='lat' dir='ltr'>vento</span> <span class='ocrx_word' id='word_1_212' title='bbox 1052 1859 1241 1891; x_wconf 67' lang='lat' dir='ltr'>crescente</span> <span class='ocrx_word' id='word_1_213' title='bbox 1270 1853 1395 1904; x_wconf 73' lang='lat' dir='ltr'>mayie</span> <span class='ocrx_word' id='word_1_214' title='bbox 1424 1852 1550 1904; x_wconf 75' lang='lat' dir='ltr'>mayie</span> <span class='ocrx_word' id='word_1_215' title='bbox 1579 1850 1844 1890; x_wconf 73' lang='lat' dir='ltr'>increbescunt</span> <span class='ocrx_word' id='word_1_216' title='bbox 1873 1873 1922 1877; x_wconf 97' lang='lat'><strong>—</strong></span> 
     </span>
     <span class='ocr_line' id='line_1_25' title="bbox 320 1923 2304 1976; baseline -0.001 -13"><span class='ocrx_word' id='word_1_217' title='bbox 320 1924 503 1964; x_wconf 89' lang='lat' dir='ltr'>Alterum</span> <span class='ocrx_word' id='word_1_218' title='bbox 536 1924 640 1976; x_wconf 93' lang='lat' dir='ltr'>quod</span> <span class='ocrx_word' id='word_1_219' title='bbox 673 1924 979 1976; x_wconf 83' lang='lat' dir='ltr'>expendendum</span> <span class='ocrx_word' id='word_1_220' title='bbox 1012 1923 1185 1963; x_wconf 84' lang='lat' dir='ltr'>diximus</span> <span class='ocrx_word' id='word_1_221' title='bbox 1215 1924 1342 1976; x_wconf 87' lang='lat' dir='ltr'>ipsam</span> <span class='ocrx_word' id='word_1_222' title='bbox 1365 1924 1507 1963; x_wconf 86' lang='lat' dir='ltr'>attinet</span> <span class='ocrx_word' id='word_1_223' title='bbox 1527 1924 1636 1962; x_wconf 90' lang='lat' dir='ltr'>vocis</span> <span class='ocrx_word' id='word_1_224' title='bbox 1658 1924 1790 1962; x_wconf 83' lang='lat' dir='ltr'>leviter</span> <span class='ocrx_word' id='word_1_225' title='bbox 1811 1923 2154 1975; x_wconf 84' lang='lat' dir='ltr'>significationem.</span> <span class='ocrx_word' id='word_1_226' title='bbox 2201 1923 2304 1962; x_wconf 88' lang='lat' dir='ltr'>Nam</span> 
     </span>
     <span class='ocr_line' id='line_1_26' title="bbox 322 1995 2303 2049; baseline -0.001 -13"><span class='ocrx_word' id='word_1_227' title='bbox 322 1998 355 2037; x_wconf 92' lang='lat' dir='ltr'>si</span> <span class='ocrx_word' id='word_1_228' title='bbox 387 2011 522 2036; x_wconf 89' lang='lat' dir='ltr'>verum</span> <span class='ocrx_word' id='word_1_229' title='bbox 555 2004 626 2046; x_wconf 88' lang='lat' dir='ltr'>est,</span> <span class='ocrx_word' id='word_1_230' title='bbox 658 1996 764 2049; x_wconf 93' lang='lat' dir='ltr'>quod</span> <span class='ocrx_word' id='word_1_231' title='bbox 795 1997 1016 2049; x_wconf 87' lang='lat' dir='ltr'>Hauptium</span> <span class='ocrx_word' id='word_1_232' title='bbox 1048 1997 1230 2036; x_wconf 88' lang='lat' dir='ltr'>docuisse</span> <span class='ocrx_word' id='word_1_233' title='bbox 1260 2004 1396 2036; x_wconf 88' lang='lat' dir='ltr'>narrat</span> <span class='ocrx_word' id='word_1_234' title='bbox 1427 1995 1521 2036; x_wconf 88' lang='lat' dir='ltr'>Chr.</span> <span class='ocrx_word' id='word_1_235' title='bbox 1543 1996 1736 2048; x_wconf 88' lang='lat' dir='ltr'>Belgerus</span> <span class='ocrx_word' id='word_1_236' title='bbox 1768 1997 1808 2034; x_wconf 89' lang='grc'>111</span> <span class='ocrx_word' id='word_1_237' title='bbox 1838 1995 1980 2047; x_wconf 85' lang='lat' dir='ltr'>Elogio</span> <span class='ocrx_word' id='word_1_238' title='bbox 2011 1995 2177 2048; x_wconf 88' lang='lat' dir='ltr'>Hauptii</span> <span class='ocrx_word' id='word_1_239' title='bbox 2209 2010 2233 2035; x_wconf 88' lang='lat' dir='ltr'>a</span> <span class='ocrx_word' id='word_1_240' title='bbox 2262 2010 2303 2035; x_wconf 88' lang='lat' dir='ltr'>se</span> 
     </span>
     <span class='ocr_line' id='line_1_27' title="bbox 322 2068 2302 2121; baseline -0.001 -13"><span class='ocrx_word' id='word_1_241' title='bbox 322 2069 429 2108; x_wconf 89' lang='lat' dir='ltr'>edito</span> <span class='ocrx_word' id='word_1_242' title='bbox 460 2083 496 2121; x_wconf 91' lang='lat' dir='ltr'>p.</span> <span class='ocrx_word' id='word_1_243' title='bbox 520 2070 600 2108; x_wconf 76' lang='lat'>259</span> <span class='ocrx_word' id='word_1_244' title='bbox 631 2069 724 2108; x_wconf 72' lang='lat' dir='ltr'>levis</span> <span class='ocrx_word' id='word_1_245' title='bbox 755 2075 794 2108; x_wconf 86' lang='lat' dir='ltr'>et</span> <span class='ocrx_word' id='word_1_246' title='bbox 823 2070 955 2108; x_wconf 80' lang='lat' dir='ltr'>leviter</span> <span class='ocrx_word' id='word_1_247' title='bbox 986 2083 1063 2108; x_wconf 91' lang='lat' dir='ltr'>non</span> <span class='ocrx_word' id='word_1_248' title='bbox 1087 2069 1231 2108; x_wconf 89' lang='lat' dir='ltr'>habere</span> <span class='ocrx_word' id='word_1_249' title='bbox 1252 2083 1339 2108; x_wconf 89' lang='lat' dir='ltr'>eam</span> <span class='ocrx_word' id='word_1_250' title='bbox 1360 2070 1442 2107; x_wconf 91' lang='lat' dir='ltr'>vim</span> <span class='ocrx_word' id='word_1_251' title='bbox 1463 2083 1581 2120; x_wconf 89' lang='lat' dir='ltr'>quam</span> <span class='ocrx_word' id='word_1_252' title='bbox 1603 2068 1678 2107; x_wconf 90' lang='lat' dir='ltr'>hoc</span> <span class='ocrx_word' id='word_1_253' title='bbox 1697 2068 1785 2107; x_wconf 91' lang='lat' dir='ltr'>loco</span> <span class='ocrx_word' id='word_1_254' title='bbox 1807 2081 1970 2107; x_wconf 87' lang='lat' dir='ltr'>necesse</span> <span class='ocrx_word' id='word_1_255' title='bbox 1991 2074 2050 2107; x_wconf 88' lang='lat' dir='ltr'>est</span> <span class='ocrx_word' id='word_1_256' title='bbox 2071 2074 2302 2118; x_wconf 85' lang='lat' dir='ltr'>statuamus,</span> 
     </span>
     <span class='ocr_line' id='line_1_28' title="bbox 319 2139 2307 2192; baseline -0.001 -13"><span class='ocrx_word' id='word_1_257' title='bbox 319 2155 399 2180; x_wconf 92' lang='grc'><strong>11011</strong></span> <span class='ocrx_word' id='word_1_258' title='bbox 437 2148 569 2192; x_wconf 86' lang='lat' dir='ltr'>potest</span> <span class='ocrx_word' id='word_1_259' title='bbox 603 2141 689 2179; x_wconf 88' lang='lat' dir='ltr'>fieri</span> <span class='ocrx_word' id='word_1_260' title='bbox 725 2142 821 2191; x_wconf 88' lang='lat' dir='ltr'>quin</span> <span class='ocrx_word' id='word_1_261' title='bbox 868 2147 1026 2179; x_wconf 86' lang='lat' dir='ltr'>corruat</span> <span class='ocrx_word' id='word_1_262' title='bbox 1056 2155 1193 2179; x_wconf 89' lang='lat' dir='ltr'>versus</span> <span class='ocrx_word' id='word_1_263' title='bbox 1236 2141 1365 2179; x_wconf 87' lang='lat' dir='ltr'>forma</span> <span class='ocrx_word' id='word_1_264' title='bbox 1409 2154 1527 2191; x_wconf 90' lang='lat' dir='ltr'>quam</span> <span class='ocrx_word' id='word_1_265' title='bbox 1564 2140 1923 2189; x_wconf 73' lang='lat' dir='ltr'>defensitabamu83</span> <span class='ocrx_word' id='word_1_266' title='bbox 1957 2146 1997 2177; x_wconf 91' lang='lat' dir='ltr'>et</span> <span class='ocrx_word' id='word_1_267' title='bbox 2026 2139 2215 2178; x_wconf 86' lang='lat' dir='ltr'>credibile</span> <span class='ocrx_word' id='word_1_268' title='bbox 2246 2146 2307 2178; x_wconf 84' lang='lat' dir='ltr'>est</span> 
     </span>
     <span class='ocr_line' id='line_1_29' title="bbox 324 2210 2307 2263; baseline -0.002 -12"><span class='ocrx_word' id='word_1_269' title='bbox 324 2212 547 2263; x_wconf 88' lang='lat' dir='ltr'>Hauptium</span> <span class='ocrx_word' id='word_1_270' title='bbox 580 2212 699 2250; x_wconf 83' lang='lat' dir='ltr'>etiam</span> <span class='ocrx_word' id='word_1_271' title='bbox 730 2211 806 2250; x_wconf 91' lang='lat' dir='ltr'>hoc</span> <span class='ocrx_word' id='word_1_272' title='bbox 835 2218 1070 2262; x_wconf 86' lang='lat' dir='ltr'>argumento</span> <span class='ocrx_word' id='word_1_273' title='bbox 1101 2218 1251 2250; x_wconf 91' lang='lat' dir='ltr'>motum</span> <span class='ocrx_word' id='word_1_274' title='bbox 1282 2212 1502 2251; x_wconf 86' lang='lat' dir='ltr'>obtinuisse</span> <span class='ocrx_word' id='word_1_275' title='bbox 1533 2225 1619 2249; x_wconf 88' lang='lat' dir='ltr'>eam</span> <span class='ocrx_word' id='word_1_276' title='bbox 1651 2225 1768 2263; x_wconf 91' lang='lat' dir='ltr'>quam</span> <span class='ocrx_word' id='word_1_277' title='bbox 1798 2210 2081 2249; x_wconf 83' lang='lat' dir='ltr'>Lachmannus</span> <span class='ocrx_word' id='word_1_278' title='bbox 2111 2211 2307 2262; x_wconf 86' lang='lat' dir='ltr'>praeierat</span> 
     </span>
     <span class='ocr_line' id='line_1_30' title="bbox 322 2281 2307 2335; baseline -0.001 -13"><span class='ocrx_word' id='word_1_279' title='bbox 322 2283 559 2335; x_wconf 86' lang='lat' dir='ltr'>scripturam</span> <span class='ocrx_word' id='word_1_280' title='bbox 593 2283 689 2321; x_wconf 84' lang='lat' dir='ltr'>leni</span> <span class='ocrx_word' id='word_1_281' title='bbox 714 2290 899 2322; x_wconf 71' lang='lat' dir='ltr'>resonant</span> <span class='ocrx_word' id='word_1_282' title='bbox 925 2283 1118 2335; x_wconf 76' lang='lat' dir='ltr'>planqore</span> <span class='ocrx_word' id='word_1_283' title='bbox 1147 2283 1340 2332; x_wconf 79' lang='lat' dir='ltr'>cachinni,</span> <span class='ocrx_word' id='word_1_284' title='bbox 1372 2283 1540 2322; x_wconf 87' lang='lat' dir='ltr'>fortasse</span> <span class='ocrx_word' id='word_1_285' title='bbox 1572 2296 1638 2321; x_wconf 89' lang='lat' dir='ltr'>eos</span> <span class='ocrx_word' id='word_1_286' title='bbox 1669 2295 1824 2334; x_wconf 88' lang='lat' dir='ltr'>quoque</span> <span class='ocrx_word' id='word_1_287' title='bbox 1855 2282 1920 2334; x_wconf 89' lang='lat' dir='ltr'>qui</span> <span class='ocrx_word' id='word_1_288' title='bbox 1953 2287 2021 2320; x_wconf 93' lang='lat' dir='ltr'>aut</span> <span class='ocrx_word' id='word_1_289' title='bbox 2046 2281 2148 2320; x_wconf 90' lang='lat' dir='ltr'>hanc</span> <span class='ocrx_word' id='word_1_290' title='bbox 2169 2295 2307 2320; x_wconf 91' lang='lat' dir='ltr'>vocem</span> 
     </span>
     <span class='ocr_line' id='line_1_31' title="bbox 321 2352 2305 2405; baseline -0.001 -13"><span class='ocrx_word' id='word_1_291' title='bbox 321 2360 389 2393; x_wconf 93' lang='lat' dir='ltr'>aut</span> <span class='ocrx_word' id='word_1_292' title='bbox 418 2355 467 2393; x_wconf 88' lang='lat' dir='ltr'>ab</span> <span class='ocrx_word' id='word_1_293' title='bbox 499 2368 546 2392; x_wconf 87' lang='lat' dir='ltr'>ea</span> <span class='ocrx_word' id='word_1_294' title='bbox 576 2354 715 2392; x_wconf 84' lang='lat' dir='ltr'>ductas</span> <span class='ocrx_word' id='word_1_295' title='bbox 745 2353 892 2392; x_wconf 85' lang='lat' dir='ltr'>formas</span> <span class='ocrx_word' id='word_1_296' title='bbox 923 2353 1201 2405; x_wconf 87' lang='lat' dir='ltr'>praeferendas</span> <span class='ocrx_word' id='word_1_297' title='bbox 1233 2353 1442 2392; x_wconf 85' lang='lat' dir='ltr'>duxerunt.</span> <span class='ocrx_word' id='word_1_298' title='bbox 1501 2353 1641 2405; x_wconf 86' lang='lat' dir='ltr'>Itaque</span> <span class='ocrx_word' id='word_1_299' title='bbox 1672 2353 1705 2391; x_wconf 91' lang='lat' dir='ltr'>si</span> <span class='ocrx_word' id='word_1_300' title='bbox 1736 2353 1914 2391; x_wconf 85' lang='lat' dir='ltr'>obtinere</span> <span class='ocrx_word' id='word_1_301' title='bbox 1945 2359 2082 2391; x_wconf 88' lang='lat' dir='ltr'>nostra</span> <span class='ocrx_word' id='word_1_302' title='bbox 2111 2352 2305 2403; x_wconf 87' lang='lat' dir='ltr'>volumus,</span> 
     </span>
     <span class='ocr_line' id='line_1_32' title="bbox 323 2424 2306 2476; baseline -0.001 -11"><span class='ocrx_word' id='word_1_303' title='bbox 323 2426 586 2465; x_wconf 88' lang='lat' dir='ltr'>recusandum</span> <span class='ocrx_word' id='word_1_304' title='bbox 620 2439 700 2464; x_wconf 90' lang='lat' dir='ltr'>non</span> <span class='ocrx_word' id='word_1_305' title='bbox 731 2432 803 2475; x_wconf 88' lang='lat' dir='ltr'>est,</span> <span class='ocrx_word' id='word_1_306' title='bbox 834 2425 1045 2476; x_wconf 89' lang='lat' dir='ltr'>quominus</span> <span class='ocrx_word' id='word_1_307' title='bbox 1075 2424 1178 2463; x_wconf 88' lang='lat' dir='ltr'>hanc</span> <span class='ocrx_word' id='word_1_308' title='bbox 1206 2425 1317 2463; x_wconf 89' lang='lat' dir='ltr'>litem</span> <span class='ocrx_word' id='word_1_309' title='bbox 1348 2425 1514 2464; x_wconf 73' lang='lat' dir='ltr'>levitatis</span> <span class='ocrx_word' id='word_1_310' title='bbox 1534 2432 1573 2463; x_wconf 92' lang='lat' dir='ltr'>et</span> <span class='ocrx_word' id='word_1_311' title='bbox 1593 2425 1763 2463; x_wconf 72' lang='lat' dir='ltr'>lenitatis</span> <span class='ocrx_word' id='word_1_312' title='bbox 1783 2424 1887 2463; x_wconf 88' lang='lat' dir='ltr'>inter</span> <span class='ocrx_word' id='word_1_313' title='bbox 1907 2438 1949 2464; x_wconf 90' lang='lat' dir='ltr'>se</span> <span class='ocrx_word' id='word_1_314' title='bbox 1970 2424 2306 2473; x_wconf 87' lang='lat' dir='ltr'>contendentium,</span> 
     </span>
     <span class='ocr_line' id='line_1_33' title="bbox 325 2495 2307 2549; baseline -0.001 -12"><span class='ocrx_word' id='word_1_315' title='bbox 325 2498 358 2538; x_wconf 91' lang='lat' dir='ltr'>si</span> <span class='ocrx_word' id='word_1_316' title='bbox 393 2498 478 2537; x_wconf 88' lang='lat' dir='ltr'>fieri</span> <span class='ocrx_word' id='word_1_317' title='bbox 515 2504 665 2549; x_wconf 89' lang='lat' dir='ltr'>potest,</span> <span class='ocrx_word' id='word_1_318' title='bbox 703 2509 1001 2549; x_wconf 82' lang='lat' dir='ltr'>componamus.</span> <span class='ocrx_word' id='word_1_319' title='bbox 1062 2496 1261 2549; x_wconf 90' lang='lat' dir='ltr'>Hauptius</span> <span class='ocrx_word' id='word_1_320' title='bbox 1297 2497 1433 2547; x_wconf 84' lang='lat' dir='ltr'>igitur,</span> <span class='ocrx_word' id='word_1_321' title='bbox 1474 2496 1565 2535; x_wconf 91' lang='lat' dir='ltr'>dum</span> <span class='ocrx_word' id='word_1_322' title='bbox 1595 2495 1791 2548; x_wconf 89' lang='lat' dir='ltr'>Propertii</span> <span class='ocrx_word' id='word_1_323' title='bbox 1829 2509 1986 2535; x_wconf 89' lang='lat' dir='ltr'>carmen</span> <span class='ocrx_word' id='word_1_324' title='bbox 2024 2496 2184 2535; x_wconf 86' lang='lat' dir='ltr'>tertium</span> <span class='ocrx_word' id='word_1_325' title='bbox 2215 2496 2307 2536; x_wconf 89' lang='lat' dir='ltr'>libri</span> 
     </span>
     <span class='ocr_line' id='line_1_34' title="bbox 324 2567 2333 2623; baseline -0.001 -15"><span class='ocrx_word' id='word_1_326' title='bbox 324 2570 442 2623; x_wconf 87' lang='lat' dir='ltr'>primi</span> <span class='ocrx_word' id='word_1_327' title='bbox 473 2570 768 2622; x_wconf 76' lang='lat' dir='ltr'>interpretatur,</span> <span class='ocrx_word' id='word_1_328' title='bbox 800 2574 901 2607; x_wconf 86' lang='lat' dir='ltr'>teste</span> <span class='ocrx_word' id='word_1_329' title='bbox 921 2568 1089 2620; x_wconf 82' lang='lat' dir='ltr'>Belgero</span> <span class='ocrx_word' id='word_1_330' title='bbox 1120 2567 1217 2607; x_wconf 88' lang='lat' dir='ltr'>haec</span> <span class='ocrx_word' id='word_1_331' title='bbox 1244 2568 1292 2607; x_wconf 92' lang='lat' dir='ltr'>de</span> <span class='ocrx_word' id='word_1_332' title='bbox 1314 2582 1430 2607; x_wconf 86' lang='lat' dir='ltr'>versu</span> <span class='ocrx_word' id='word_1_333' title='bbox 1451 2569 1504 2607; x_wconf 85' lang='lat'>43</span> <span class='ocrx_word' id='word_1_334' title='bbox 1531 2567 1730 2620; x_wconf 86' lang='lat' dir='ltr'>exposuit:</span> <span class='ocrx_word' id='word_1_335' title='bbox 1762 2567 1906 2607; x_wconf 89' lang='lat' dir='ltr'>falsum</span> <span class='ocrx_word' id='word_1_336' title='bbox 1934 2581 2020 2607; x_wconf 87' lang='lat' dir='ltr'>esse</span> <span class='ocrx_word' id='word_1_337' title='bbox 2042 2567 2146 2620; x_wconf 91' lang='lat' dir='ltr'>quod</span> <span class='ocrx_word' id='word_1_338' title='bbox 2168 2567 2307 2607; x_wconf 88' lang='lat' dir='ltr'>Hertz·</span> <span class='ocrx_word' id='word_1_339' title='bbox 2330 2614 2333 2617; x_wconf 23' lang='lat'>¹</span> 
     </span>
     <span class='ocr_line' id='line_1_35' title="bbox 323 2639 2311 2692; baseline -0.001 -13"><span class='ocrx_word' id='word_1_340' title='bbox 323 2642 484 2692; x_wconf 84' lang='lat' dir='ltr'>bergius</span> <span class='ocrx_word' id='word_1_341' title='bbox 519 2641 794 2679; x_wconf 89' lang='lat' dir='ltr'>Burmannum</span> <span class='ocrx_word' id='word_1_342' title='bbox 831 2640 880 2678; x_wconf 91' lang='lat' dir='ltr'>ad</span> <span class='ocrx_word' id='word_1_343' title='bbox 913 2639 1047 2678; x_wconf 87' lang='lat' dir='ltr'>Ovidii</span> <span class='ocrx_word' id='word_1_344' title='bbox 1080 2640 1244 2678; x_wconf 88' lang='lat' dir='ltr'>Heroid.</span> <span class='ocrx_word' id='word_1_345' title='bbox 1278 2652 1322 2679; x_wconf 89' lang='lat'>111</span> <span class='ocrx_word' id='word_1_346' title='bbox 1352 2641 1406 2679; x_wconf 82' lang='lat'>80</span> <span class='ocrx_word' id='word_1_347' title='bbox 1445 2640 1627 2678; x_wconf 89' lang='lat' dir='ltr'>docuisse</span> <span class='ocrx_word' id='word_1_348' title='bbox 1663 2640 1775 2689; x_wconf 89' lang='lat' dir='ltr'>dicit,</span> <span class='ocrx_word' id='word_1_349' title='bbox 1813 2640 1945 2678; x_wconf 82' lang='lat' dir='ltr'>leviter</span> <span class='ocrx_word' id='word_1_350' title='bbox 1978 2653 2065 2678; x_wconf 87' lang='lat' dir='ltr'>esse</span> <span class='ocrx_word' id='word_1_351' title='bbox 2099 2653 2311 2691; x_wconf 58' lang='lat' dir='ltr'>supprema</span> 
     </span>
     <span class='ocr_line' id='line_1_36' title="bbox 323 2709 2311 2763; baseline -0.001 -11"><span class='ocrx_word' id='word_1_352' title='bbox 323 2727 432 2759; x_wconf 80' lang='lat' dir='ltr'>voce3</span> <span class='ocrx_word' id='word_1_353' title='bbox 473 2713 534 2751; x_wconf 87' lang='lat' dir='ltr'>vel</span> <span class='ocrx_word' id='word_1_354' title='bbox 566 2712 668 2763; x_wconf 85' lang='lat' dir='ltr'>apud</span> <span class='ocrx_word' id='word_1_355' title='bbox 702 2710 938 2751; x_wconf 86' lang='lat' dir='ltr'>Ciceronem</span> <span class='ocrx_word' id='word_1_356' title='bbox 969 2726 1040 2762; x_wconf 93' lang='lat' dir='ltr'>pro</span> <span class='ocrx_word' id='word_1_357' title='bbox 1070 2709 1181 2749; x_wconf 86' lang='lat' dir='ltr'>Sulla</span> <span class='ocrx_word' id='word_1_358' title='bbox 1214 2713 1274 2761; x_wconf 88' lang='lat'>10,</span> <span class='ocrx_word' id='word_1_359' title='bbox 1310 2712 1357 2750; x_wconf 84' lang='lat'>31</span> <span class='ocrx_word' id='word_1_360' title='bbox 1393 2712 1524 2750; x_wconf 77' lang='lat' dir='ltr'>leviter</span> <span class='ocrx_word' id='word_1_361' title='bbox 1558 2725 1637 2750; x_wconf 89' lang='lat' dir='ltr'>non</span> <span class='ocrx_word' id='word_1_362' title='bbox 1674 2725 1761 2750; x_wconf 90' lang='lat' dir='ltr'>esse</span> <span class='ocrx_word' id='word_1_363' title='bbox 1797 2710 1901 2762; x_wconf 93' lang='lat' dir='ltr'>quod</span> <span class='ocrx_word' id='word_1_364' title='bbox 1937 2711 2003 2749; x_wconf 84' lang='lat' dir='ltr'>ille</span> <span class='ocrx_word' id='word_1_365' title='bbox 2040 2710 2208 2750; x_wconf 89' lang='lat' dir='ltr'>voluerit</span> <span class='ocrx_word' id='word_1_366' title='bbox 2240 2713 2311 2751; x_wconf 76' lang='lat' dir='ltr'>‘mit</span> 
     </span>
     <span class='ocr_line' id='line_1_37' title="bbox 324 2781 2311 2833; baseline 0 -10"><span class='ocrx_word' id='word_1_367' title='bbox 324 2785 435 2823; x_wconf 74' lang='lat' dir='ltr'>leiser</span> <span class='ocrx_word' id='word_1_368' title='bbox 466 2783 643 2833; x_wconf 84' lang='lat' dir='ltr'>Stimme,</span> <span class='ocrx_word' id='word_1_369' title='bbox 682 2783 750 2822; x_wconf 89' lang='lat' dir='ltr'>sed</span> <span class='ocrx_word' id='word_1_370' title='bbox 789 2796 875 2822; x_wconf 84' lang='lat' dir='ltr'>esse</span> <span class='ocrx_word' id='word_1_371' title='bbox 912 2782 998 2821; x_wconf 90' lang='lat' dir='ltr'>sine</span> <span class='ocrx_word' id='word_1_372' title='bbox 1035 2782 1207 2833; x_wconf 90' lang='lat' dir='ltr'>pondere</span> <span class='ocrx_word' id='word_1_373' title='bbox 1244 2791 1311 2821; x_wconf 88' lang='lat' dir='ltr'>aut</span> <span class='ocrx_word' id='word_1_374' title='bbox 1341 2784 1537 2833; x_wconf 84' lang='lat' dir='ltr'>gravitate</span> <span class='ocrx_word' id='word_1_375' title='bbox 1569 2783 1724 2821; x_wconf 89' lang='lat' dir='ltr'>dicendi</span> <span class='ocrx_word' id='word_1_376' title='bbox 1756 2781 1971 2832; x_wconf 82' lang='lat' dir='ltr'>(leichthin,</span> <span class='ocrx_word' id='word_1_377' title='bbox 2010 2783 2106 2821; x_wconf 88' lang='lat' dir='ltr'>ohne</span> <span class='ocrx_word' id='word_1_378' title='bbox 2139 2781 2311 2823; x_wconf 77' lang='lat' dir='ltr'>Gewicht</span> 
     </span>
     <span class='ocr_line' id='line_1_38' title="bbox 324 2853 2311 2907; baseline -0.001 -11"><span class='ocrx_word' id='word_1_379' title='bbox 324 2858 390 2896; x_wconf 68' lang='lat' dir='ltr'>dee</span> <span class='ocrx_word' id='word_1_380' title='bbox 421 2853 668 2905; x_wconf 70' lang='lat' dir='ltr'>Auedrucks)</span> <span class='ocrx_word' id='word_1_381' title='bbox 703 2855 878 2907; x_wconf 86' lang='lat' dir='ltr'>itemque</span> <span class='ocrx_word' id='word_1_382' title='bbox 914 2854 1055 2894; x_wconf 66' lang='lat' dir='ltr'>ceteris</span> <span class='ocrx_word' id='word_1_383' title='bbox 1092 2854 1189 2894; x_wconf 90' lang='lat' dir='ltr'>locis</span> <span class='ocrx_word' id='word_1_384' title='bbox 1220 2854 1371 2905; x_wconf 80' lang='lat' dir='ltr'>allatis3</span> <span class='ocrx_word' id='word_1_385' title='bbox 1414 2854 1517 2907; x_wconf 88' lang='lat' dir='ltr'>quod</span> <span class='ocrx_word' id='word_1_386' title='bbox 1555 2854 1648 2907; x_wconf 92' lang='lat' dir='ltr'>quia</span> <span class='ocrx_word' id='word_1_387' title='bbox 1677 2869 1700 2894; x_wconf 89' lang='lat' dir='ltr'>a</span> <span class='ocrx_word' id='word_1_388' title='bbox 1728 2854 1924 2907; x_wconf 90' lang='lat' dir='ltr'>Propertii</span> <span class='ocrx_word' id='word_1_389' title='bbox 1956 2868 2072 2894; x_wconf 90' lang='lat' dir='ltr'>versu</span> <span class='ocrx_word' id='word_1_390' title='bbox 2102 2854 2311 2895; x_wconf 86' lang='lat' dir='ltr'>abhorreat</span> 
     </span>
     <span class='ocr_line' id='line_1_39' title="bbox 323 2926 2313 2979; baseline -0.001 -11"><span class='ocrx_word' id='word_1_391' title='bbox 323 2943 398 2968; x_wconf 90' lang='lat' dir='ltr'>nec</span> <span class='ocrx_word' id='word_1_392' title='bbox 428 2930 560 2967; x_wconf 79' lang='lat' dir='ltr'>leviter</span> <span class='ocrx_word' id='word_1_393' title='bbox 589 2928 693 2966; x_wconf 90' lang='lat' dir='ltr'>idem</span> <span class='ocrx_word' id='word_1_394' title='bbox 725 2928 777 2966; x_wconf 91' lang='lat' dir='ltr'>sit</span> <span class='ocrx_word' id='word_1_395' title='bbox 807 2927 912 2979; x_wconf 92' lang='lat' dir='ltr'>quod</span> <span class='ocrx_word' id='word_1_396' title='bbox 943 2928 1089 2977; x_wconf 80' lang='lat' dir='ltr'>leniter,</span> <span class='ocrx_word' id='word_1_397' title='bbox 1121 2941 1284 2966; x_wconf 90' lang='lat' dir='ltr'>necesse</span> <span class='ocrx_word' id='word_1_398' title='bbox 1315 2941 1402 2966; x_wconf 89' lang='lat' dir='ltr'>esse</span> <span class='ocrx_word' id='word_1_399' title='bbox 1431 2928 1472 2965; x_wconf 90' lang='lat' dir='ltr'>in</span> <span class='ocrx_word' id='word_1_400' title='bbox 1504 2941 1549 2966; x_wconf 88' lang='lat' dir='ltr'>eo</span> <span class='ocrx_word' id='word_1_401' title='bbox 1580 2941 1696 2967; x_wconf 89' lang='lat' dir='ltr'>versu</span> <span class='ocrx_word' id='word_1_402' title='bbox 1718 2926 1936 2979; x_wconf 88' lang='lat' dir='ltr'>Cynthiam</span> <span class='ocrx_word' id='word_1_403' title='bbox 1967 2927 2097 2966; x_wconf 88' lang='lat' dir='ltr'>dicere</span> <span class='ocrx_word' id='word_1_404' title='bbox 2118 2941 2160 2966; x_wconf 91' lang='lat' dir='ltr'>se</span> <span class='ocrx_word' id='word_1_405' title='bbox 2181 2928 2313 2967; x_wconf 80' lang='lat' dir='ltr'>leviter</span> 
     </span>
     <span class='ocr_line' id='line_1_40' title="bbox 326 2997 2311 3052; baseline -0.001 -12"><span class='ocrx_word' id='word_1_406' title='bbox 326 3001 530 3049; x_wconf 74' lang='lat' dir='ltr'>desertam,</span> <span class='ocrx_word' id='word_1_407' title='bbox 567 2998 604 3039; x_wconf 88' lang='lat' dir='ltr'>h.</span> <span class='ocrx_word' id='word_1_408' title='bbox 624 3014 657 3039; x_wconf 90' lang='lat' dir='ltr'>e.</span> <span class='ocrx_word' id='word_1_409' title='bbox 676 3007 813 3052; x_wconf 83' lang='lat' dir='ltr'>poetae</span> <span class='ocrx_word' id='word_1_410' title='bbox 838 2999 990 3039; x_wconf 85' lang='lat' dir='ltr'>levitate</span> <span class='ocrx_word' id='word_1_411' title='bbox 1014 3000 1141 3039; x_wconf 85' lang='lat' dir='ltr'>animi</span> <span class='ocrx_word' id='word_1_412' title='bbox 1158 3000 1367 3046; x_wconf 72' lang='lat' dir='ltr'>desertam‚·</span> <span class='ocrx_word' id='word_1_413' title='bbox 1397 3013 1563 3051; x_wconf 87' lang='lat' dir='ltr'>eamque</span> <span class='ocrx_word' id='word_1_414' title='bbox 1585 2998 1917 3050; x_wconf 87' lang='lat' dir='ltr'>significationem</span> <span class='ocrx_word' id='word_1_415' title='bbox 1938 3013 2089 3038; x_wconf 92' lang='lat' dir='ltr'>morum</span> <span class='ocrx_word' id='word_1_416' title='bbox 2112 2997 2311 3051; x_wconf 88' lang='lat' dir='ltr'>Hauptius</span> 
     </span>
     <span class='ocr_line' id='line_1_41' title="bbox 328 3070 2310 3123; baseline -0.001 -13"><span class='ocrx_word' id='word_1_417' title='bbox 328 3072 515 3123; x_wconf 89' lang='lat' dir='ltr'>deinceps</span> <span class='ocrx_word' id='word_1_418' title='bbox 547 3071 727 3123; x_wconf 88' lang='lat' dir='ltr'>pluribus</span> <span class='ocrx_word' id='word_1_419' title='bbox 758 3071 1020 3122; x_wconf 89' lang='lat' dir='ltr'>persequitur.</span> <span class='ocrx_word' id='word_1_420' title='bbox 1067 3071 1103 3108; x_wconf 95' lang='lat' dir='ltr'>A</span> <span class='ocrx_word' id='word_1_421' title='bbox 1131 3070 1275 3121; x_wconf 87' lang='lat' dir='ltr'>quibus</span> <span class='ocrx_word' id='word_1_422' title='bbox 1297 3084 1368 3110; x_wconf 90' lang='lat' dir='ltr'>nos</span> <span class='ocrx_word' id='word_1_423' title='bbox 1391 3077 1474 3109; x_wconf 83' lang='lat' dir='ltr'>tota</span> <span class='ocrx_word' id='word_1_424' title='bbox 1493 3077 1624 3109; x_wconf 87' lang='lat' dir='ltr'>mente</span> <span class='ocrx_word' id='word_1_425' title='bbox 1647 3070 1899 3110; x_wconf 89' lang='lat' dir='ltr'>discedimus.</span> <span class='ocrx_word' id='word_1_426' title='bbox 1946 3072 2006 3109; x_wconf 92' lang='lat' dir='ltr'>Ac</span> <span class='ocrx_word' id='word_1_427' title='bbox 2026 3071 2198 3121; x_wconf 90' lang='lat' dir='ltr'>primum</span> <span class='ocrx_word' id='word_1_428' title='bbox 2219 3070 2310 3109; x_wconf 87' lang='lat' dir='ltr'>dum</span> 
     </span>
    </p>
   </div>
  </div>
 </body>
</html>
